%% This BibTeX bibliography file was created using BibDesk.
%% http://bibdesk.sourceforge.net/


%% Created for Oscar Dieste at 2019-06-05 14:41:07 +0200 


%% Saved with string encoding Unicode (UTF-8) 



@mastersthesis{Munir2012,
	Author = {Hussan Munir and Misagh Moayyed},
	Date-Added = {2019-06-05 14:39:35 +0200},
	Date-Modified = {2019-06-05 14:40:41 +0200},
	Month = {May},
	School = {Blekinge Institute of Technology},
	Title = {Systematic Literature Review and Controlled Pilot Experimental Evaluation of Test Driven Development (TDD) vs. Test-Last Development (TLD)},
	Year = {2012}}

@article{beckAim2001,
	Author = {Beck, Kent},
	Journal = {IEEE Software},
	Number = {5},
	Pages = {87-89},
	Publisher = {IEEE Computer Society},
	Title = {Aim, fire},
	Volume = {18},
	Year = {2001}}

@book{Beck,
	Author = {Beck, Kent},
	Publisher = {Addison-Wesley Professional},
	Title = {Test-driven development: by example},
	Year = {2003}}

@book{Beck1999Extreme,
	Author = {Beck, Kent and Anders, C},
	Publisher = {Addison-Wesley Professional},
	Title = {Extreme programming explained: embrace change},
	Year = {1999}}

@inproceedings{Kollanus,
	Author = {Kollanus, S.},
	Booktitle = {2010 Seventh International Conference on the Quality of Information and Communications Technology (QUATIC)},
	Doi = {10.1109/QUATIC.2010.73},
	Keywords = {program testing;software engineering;external code quality;software development process;test driven development;Book reviews;Measurement;Productivity;Programming;Software engineering;Systematics;Testing},
	Month = {Sept},
	Pages = {403-408},
	Title = {Test-Driven Development - Still a Promising Approach?},
	Year = {2010},
	Bdsk-Url-1 = {https://doi.org/10.1109/QUATIC.2010.73}}

@article{KollanusEducation,
	Acmid = {1384306},
	Address = {New York, NY, USA},
	Author = {Kollanus, Sami and Isom\"{o}tt\"{o}nen, Ville},
	Doi = {10.1145/1597849.1384306},
	Issn = {0097-8418},
	Issue_Date = {September 2008},
	Journal = {SIGCSE Bull.},
	Keywords = {TDD, education},
	Month = jun,
	Number = {3},
	Numpages = {4},
	Pages = {124--127},
	Publisher = {ACM},
	Title = {Test-driven Development in Education: Experiences with Critical Viewpoints},
	Url = {http://doi.acm.org/10.1145/1597849.1384306},
	Volume = {40},
	Year = {2008},
	Bdsk-Url-1 = {http://doi.acm.org/10.1145/1597849.1384306},
	Bdsk-Url-2 = {https://doi.org/10.1145/1597849.1384306}}

@inproceedings{Abrahamsson2005,
	Author = {Abrahamsson, Pekka and Hanhineva, Antti and J{\"a}{\"a}linoja, Juho},
	Booktitle = {Business Agility and Information Technology Diffusion: IFIP TC8 WG 8.6 International Working Conference May 8--11, 2005, Atlanta, Georgia, U.S.A.},
	Doi = {10.1007/0-387-25590-7_14},
	Isbn = {978-0-387-25590-3},
	Pages = {227--243},
	Publisher = {Springer US},
	Title = {Improving Business Agility Through Technical Solutions: A Case Study on Test-Driven Development in Mobile Software Development},
	Url = {http://dx.doi.org/10.1007/0-387-25590-7_14},
	Year = {2005},
	Bdsk-Url-1 = {http://dx.doi.org/10.1007/0-387-25590-7_14}}

@inproceedings{Aniche2010,
	Author = {Aniche, Mauricio Finavaro and Gerosa, Marco Aur{\'e}lio},
	Booktitle = {2010 Third International Conference on Software Testing, Verification, and Validation Workshops (ICSTW)},
	Organization = {IEEE},
	Pages = {469--478},
	Title = {Most common mistakes in test-driven development practice: Results from an online survey with developers},
	Year = {2010}}

@inproceedings{Aniche2012,
	Author = {Aniche, Mauricio Finavaro and Gerosa, Marco Aur{\'e}lio},
	Booktitle = {2012 26th Brazilian Symposium on Software Engineering (SBES)},
	Organization = {IEEE},
	Pages = {1--10},
	Title = {How the practice of {TDD} influences class design in object-oriented systems: Patterns of unit tests feedback},
	Year = {2012}}

@article{Armour2004,
	Acmid = {971635},
	Address = {New York, NY, USA},
	Author = {Armour, Phillip G.},
	Doi = {10.1145/971617.971635},
	Issn = {0001-0782},
	Issue_Date = {March 2004},
	Journal = {Commun. ACM},
	Number = {3},
	Numpages = {4},
	Pages = {21--24},
	Publisher = {ACM},
	Title = {Beware of Counting {LOC}},
	Url = {http://doi.acm.org/10.1145/971617.971635},
	Volume = {47},
	Year = {2004},
	Bdsk-Url-1 = {http://doi.acm.org/10.1145/971617.971635},
	Bdsk-Url-2 = {https://doi.org/10.1145/971617.971635}}

@article{Basili1975,
	Author = {V. R. Basili and A. J. Turner},
	Doi = {10.1109/TSE.1975.6312870},
	Issn = {0098-5589},
	Journal = {IEEE Transactions on Software Engineering},
	Keywords = {computer software;programming;SIMPL;iterative enhancement;production compiler;software analysis;software development;software evaluation measures;stepwise refinement;top down design;Educational institutions;Iterative methods;Market research;Program processors;Reliability;Timing;Iterative enhancement;SIMPL;software analysis;software development;software evaluation measures;top-down design},
	Number = {4},
	Pages = {390-396},
	Title = {Iterative enhancement: A practical technique for software development},
	Volume = {SE-1},
	Year = {1975},
	Bdsk-Url-1 = {https://doi.org/10.1109/TSE.1975.6312870}}

@phdthesis{Bhadauria2009,
	Author = {Bhadauria, Vikram S},
	School = {The University of Texas at Arlington},
	Title = {To test before or to test after--An experimental investigation of the impact of Test Driven Development},
	Year = {2009}}

@article{Bannerman2011,
	Author = {Bannerman, Steve and Martin, Andrew},
	Journal = {Empirical Software Engineering},
	Number = {2},
	Pages = {177--210},
	Publisher = {Springer},
	Title = {A multiple comparative study of test-with development product changes and their effects on team speed and product quality},
	Volume = {16},
	Year = {2011}}

@article{Barriocanal2002,
	Acmid = {820183},
	Author = {Barriocanal, Elena Garc\'{\i}a and Urb\'{a}n, Miguel-\'{A}ngel Sicilia and Cuevas, Ignacio Aedo and P{\'e}rez, Paloma D\'{\i}az},
	Doi = {10.1145/820127.820183},
	Issn = {0097-8418},
	Issue_Date = {December 2002},
	Journal = {SIGCSE Bull.},
	Number = {4},
	Numpages = {4},
	Pages = {125--128},
	Publisher = {ACM},
	Title = {An Experience in Integrating Automated Unit Testing Practices in an Introductory Programming Course},
	Url = {http://doi.acm.org/10.1145/820127.820183},
	Volume = {34},
	Year = {2002},
	Bdsk-Url-1 = {http://doi.acm.org/10.1145/820127.820183},
	Bdsk-Url-2 = {https://doi.org/10.1145/820127.820183}}

@inproceedings{Bhat2006,
	Author = {Bhat, Thirumalesh and Nagappan, Nachiappan},
	Booktitle = {Proceedings of the 2006 ACM/IEEE international symposium on Empirical Software Engineering},
	Organization = {ACM},
	Pages = {356--363},
	Title = {Evaluating the efficacy of test-driven development: industrial case studies},
	Year = {2006}}

@inproceedings{Canfora2006,
	Acmid = {1159788},
	Author = {Canfora, Gerardo and Cimitile, Aniello and Garcia, Felix and Piattini, Mario and Visaggio, Corrado Aaron},
	Booktitle = {Proceedings of the 2006 ACM/IEEE International Symposium on Empirical Software Engineering},
	Doi = {10.1145/1159733.1159788},
	Isbn = {1-59593-218-6},
	Keywords = {empirical software engineering, process quality, test driven development},
	Location = {Rio de Janeiro, Brazil},
	Numpages = {8},
	Pages = {364--371},
	Publisher = {ACM},
	Series = {ISESE '06},
	Title = {Evaluating Advantages of {Test Driven Development}: A Controlled Experiment with Professionals},
	Url = {http://doi.acm.org/10.1145/1159733.1159788},
	Year = {2006},
	Bdsk-Url-1 = {http://doi.acm.org/10.1145/1159733.1159788},
	Bdsk-Url-2 = {https://doi.org/10.1145/1159733.1159788}}

@inproceedings{Canfora2006Productivity,
	Author = {Canfora, Gerardo and Cimitile, Aniello and Garcia, Felix and Piattini, Mario and Visaggio, Corrado Aaron},
	Booktitle = {In Proceedings of 7th International Conference: Product-Focused Software Process Improvement, PROFES 2006, Amsterdam, The Netherlands, June 12-14, 2006.},
	Doi = {10.1007/11767718_32},
	Isbn = {978-3-540-34683-8},
	Pages = {383--388},
	Publisher = {Springer},
	Title = {Productivity of {T}est {D}riven {D}evelopment: A Controlled Experiment with Professionals},
	Url = {http://dx.doi.org/10.1007/11767718_32},
	Year = {2006},
	Bdsk-Url-1 = {http://dx.doi.org/10.1007/11767718_32}}

@article{Bland1986,
	Author = {J. Martin Bland and Douglas G. Altman},
	Doi = {http://dx.doi.org/10.1016/S0140-6736(86)90837-8},
	Issn = {0140-6736},
	Journal = {The Lancet},
	Number = {8476},
	Pages = {307 - 310},
	Title = {STATISTICAL METHODS FOR ASSESSING AGREEMENT BETWEEN TWO METHODS OF CLINICAL MEASUREMENT},
	Url = {http://www.sciencedirect.com/science/article/pii/S0140673686908378},
	Volume = {327},
	Year = {1986},
	Bdsk-Url-1 = {http://www.sciencedirect.com/science/article/pii/S0140673686908378},
	Bdsk-Url-2 = {http://dx.doi.org/10.1016/S0140-6736(86)90837-8}}

@book{Bell2001,
	Author = {Bell, Stephanie},
	Publisher = {National Physical Laboratory Teddington},
	Title = {A to Beginner's Guide to Uncertainty of Measurement},
	Year = {2001}}

@article{Brooks1980,
	Acmid = {358847},
	Author = {Brooks, Ruven E.},
	Doi = {10.1145/358841.358847},
	Issn = {0001-0782},
	Issue_Date = {April 1980},
	Journal = {Commun. ACM},
	Keywords = {psychology of programming, software psychology},
	Number = {4},
	Numpages = {7},
	Pages = {207--213},
	Publisher = {ACM},
	Title = {Studying Programmer Behavior Experimentally: The Problems of Proper Methodology},
	Url = {http://doi.acm.org/10.1145/358841.358847},
	Volume = {23},
	Year = {1980},
	Bdsk-Url-1 = {http://doi.acm.org/10.1145/358841.358847},
	Bdsk-Url-2 = {https://doi.org/10.1145/358841.358847}}

@article{Briand1996,
	Author = {Briand, Lionel and Emam, Khaled El and Morasca, Sandro},
	Doi = {10.1007/BF00125812},
	Journal = {Empirical Software Engineering},
	Number = {1},
	Pages = {61--88},
	Title = {On the application of measurement theory in {S}oftware {E}ngineering},
	Url = {http://dx.doi.org/10.1007/BF00125812},
	Volume = {1},
	Year = {1996},
	Bdsk-Url-1 = {http://dx.doi.org/10.1007/BF00125812}}

@book{Campbell1963,
	Author = {Campbell, Donald Thomas and Stanley, Julian C},
	Publisher = {American Educational Research Association},
	Title = {Experimental and quasi-experimental designs for research on teaching},
	Year = {1963}}

@article{Cao2008,
	Author = {L. Cao and B. Ramesh},
	Doi = {10.1109/MS.2008.1},
	Issn = {0740-7459},
	Journal = {IEEE Software},
	Keywords = {formal specification;software prototyping;systems analysis;agile iterative requirements engineering approach;business environment;empirical study;requirement specification;software development organization;time-to-market pressure;Data analysis;Design engineering;Feedback;Programming;Project management;Protection;Quality management;Software development management;Software quality;Urban areas;agile software development;requirements engineering},
	Number = {1},
	Pages = {60-67},
	Title = {Agile Requirements Engineering Practices: An Empirical Study},
	Volume = {25},
	Year = {2008},
	Bdsk-Url-1 = {https://doi.org/10.1109/MS.2008.1}}

@inproceedings{Causevic2010,
	Author = {A. Causevic and D. Sundmark and S. Punnekkat},
	Booktitle = {2010 Third International Conference on Software Testing, Verification and Validation},
	Doi = {10.1109/ICST.2010.52},
	Issn = {2159-4848},
	Keywords = {embedded systems;program testing;safety-critical software;software engineering;embedded system;industrial survey;safety critical system;software development process;software project;software testing contemporary aspect;Application software;Computer industry;Data analysis;Embedded software;Guidelines;Industrial relations;Programming;Software safety;Software testing;System testing;Software testing;agile testing;testing practices},
	Month = {April},
	Pages = {393-401},
	Title = {An Industrial Survey on Contemporary Aspects of Software Testing},
	Year = {2010},
	Bdsk-Url-1 = {https://doi.org/10.1109/ICST.2010.52}}

@inproceedings{Causevic2012,
	Author = {A. Causevic and D. Sundmark and S. Punnekkat},
	Booktitle = {16th International Conference on Evaluation Assessment in Software Engineering (EASE 2012)},
	Doi = {10.1049/ic.2012.0029},
	Keywords = {program testing;program verification;software maintenance;software quality;source coding;statistical analysis;code coverage;code quality measurement;code refactoring;failing assertion;master level course;mutation score;pilot experiment;software development;software validation;software verification;source code;statistical analysis;test case quality;test driven development;test first approach;test last approach;test last development;controlled experiment;software testing;test case efficiency;test driven development},
	Month = {May},
	Pages = {223-227},
	Title = {Test case quality in {T}est {D}riven {D}evelopment: A study design and a pilot experiment},
	Year = {2012},
	Bdsk-Url-1 = {https://doi.org/10.1049/ic.2012.0029}}

@inproceedings{Causevic2012Quality,
	Author = {A. Cauevic and S. Punnekkat and D. Sundmark},
	Booktitle = {2012 Eighth International Conference on the Quality of Information and Communications Technology (QUATIC)},
	Doi = {10.1109/QUATIC.2012.49},
	Keywords = {program testing;software prototyping;software quality;agile methods;extreme programming approach;negative test case;quality improvement evaluation;test driven development;test-first approach;test-last approach;testing quality;experiment;software testing;test case quality;test driven development},
	Month = {Sept},
	Pages = {266-271},
	Title = {Quality of Testing in {T}est {D}riven {D}evelopment},
	Year = {2012},
	Bdsk-Url-1 = {https://doi.org/10.1109/QUATIC.2012.49}}

@inproceedings{Causevic2013,
	Acmid = {2662535},
	Author = {Causevic, Adnan and Shukla, Rakesh and Punnekkat, Sasikumar},
	Booktitle = {Proceedings of the 1st International Workshop on Conducting Empirical Studies in Industry},
	Isbn = {978-1-4673-6286-3},
	Keywords = {industrial experiment, test driven development, test efficiency},
	Location = {San Francisco, California},
	Numpages = {6},
	Pages = {15--20},
	Publisher = {IEEE Press},
	Series = {CESI '14},
	Title = {Industrial Study on {T}est {D}riven {D}evelopment: Challenges and Experience},
	Url = {http://dl.acm.org/citation.cfm?id=2662528.2662535},
	Year = {2013},
	Bdsk-Url-1 = {http://dl.acm.org/citation.cfm?id=2662528.2662535}}

@inproceedings{Chien2008,
	Author = {Li-Ren Chien and D. J. Buehrer and Chin-Yi Yang and Chyong-Mei Chen},
	Booktitle = {IEEE International Symposium on IT in Medicine and Education, 2008. ITME 2008.},
	Doi = {10.1109/ITME.2008.4743948},
	Keywords = {computer science education;educational administrative data processing;educational courses;training;DICE;Hsin Kuo High School;TDD training method;automatic grading system;automatic online judge system;programming curriculum;test driven development;Automatic control;Automatic testing;Computer science education;Educational programs;Information technology;Mathematics;Programming profession;Software engineering;System testing;Writing},
	Month = {Dec},
	Pages = {660-665},
	Title = {An evaluation of {TDD} training methods in a programming curriculum},
	Year = {2008},
	Bdsk-Url-1 = {https://doi.org/10.1109/ITME.2008.4743948}}

@article{Crispin2006,
	Author = {L. Crispin},
	Doi = {10.1109/MS.2006.157},
	Issn = {0740-7459},
	Journal = {IEEE Software},
	Keywords = {program testing;software quality;TDD techniques;software quality;test-driven design;test-driven development;Automatic testing;Companies;Computer bugs;Flowcharts;Performance evaluation;Production;Programming profession;Software quality;Software testing;Writing;Test-driven development;test-driven design;test-first development},
	Number = {6},
	Pages = {70-71},
	Title = {Driving Software Quality: How {T}est-Driven {D}evelopment Impacts Software Quality},
	Volume = {23},
	Year = {2006},
	Bdsk-Url-1 = {https://doi.org/10.1109/MS.2006.157}}

@article{daSilva2014,
	Author = {da Silva, Fabio Q. B. and Suassuna, Marcos and Fran{\c{c}}a, A. C{\'e}sar C. and Grubb, Alicia M. and Gouveia, Tatiana B. and Monteiro, Cleviton V. F. and dos Santos, Igor Ebrahim},
	Doi = {10.1007/s10664-012-9227-7},
	Issn = {1573-7616},
	Journal = {Empirical Software Engineering},
	Number = {3},
	Pages = {501--557},
	Title = {Replication of empirical studies in software engineering research: a systematic mapping study},
	Url = {http://dx.doi.org/10.1007/s10664-012-9227-7},
	Volume = {19},
	Year = {2014},
	Bdsk-Url-1 = {http://dx.doi.org/10.1007/s10664-012-9227-7}}

@article{Damm2006,
	Author = {Lars-Ola Damm and Lars Lundberg},
	Doi = {http://dx.doi.org/10.1016/j.jss.2005.10.015},
	Issn = {0164-1212},
	Journal = {Journal of Systems and Software},
	Keywords = {Software process improvement},
	Number = {7},
	Pages = {1001 - 1014},
	Title = {Results from introducing component-level test automation and {T}est-{D}riven {D}evelopment},
	Url = {http://www.sciencedirect.com/science/article/pii/S0164121205001573},
	Volume = {79},
	Year = {2006},
	Bdsk-Url-1 = {http://www.sciencedirect.com/science/article/pii/S0164121205001573},
	Bdsk-Url-2 = {http://dx.doi.org/10.1016/j.jss.2005.10.015}}

@inproceedings{Damm2007,
	Author = {Damm, Lars-Ola and Lundberg, Lars},
	Booktitle = {Proceedings in Software Process Improvement: 14th European Conference, EuroSPI 2007, Potsdam, Germany, September 26-28},
	Doi = {10.1007/978-3-540-75381-0_17},
	Isbn = {978-3-540-75381-0},
	Pages = {187--199},
	Publisher = {Springer},
	Title = {Quality Impact of Introducing Component-Level Test Automation and {T}est-{D}riven {D}evelopment},
	Url = {http://dx.doi.org/10.1007/978-3-540-75381-0_17},
	Year = {2007},
	Bdsk-Url-1 = {http://dx.doi.org/10.1007/978-3-540-75381-0_17}}

@article{Desai2008,
	Acmid = {1383644},
	Address = {New York, NY, USA},
	Author = {Desai, Chetan and Janzen, David and Savage, Kyle},
	Doi = {10.1145/1383602.1383644},
	Issn = {0097-8418},
	Issue_Date = {June 2008},
	Journal = {SIGCSE Bull.},
	Keywords = {empirical survey, pedagogy, test-driven development},
	Number = {2},
	Numpages = {5},
	Pages = {97--101},
	Publisher = {ACM},
	Title = {A Survey of Evidence for {Test-Driven Development} in Academia},
	Url = {http://doi.acm.org/10.1145/1383602.1383644},
	Volume = {40},
	Year = {2008},
	Bdsk-Url-1 = {http://doi.acm.org/10.1145/1383602.1383644},
	Bdsk-Url-2 = {https://doi.org/10.1145/1383602.1383644}}

@inproceedings{Desai2009,
	Acmid = {1508921},
	Author = {Desai, Chetan and Janzen, David S. and Clements, John},
	Booktitle = {Proceedings of the 40th ACM Technical Symposium on Computer Science Education},
	Doi = {10.1145/1508865.1508921},
	Isbn = {978-1-60558-183-5},
	Keywords = {cs1, cs2, test-driven development, test-driven learning},
	Location = {Chattanooga, TN, USA},
	Numpages = {5},
	Pages = {148--152},
	Publisher = {ACM},
	Series = {SIGCSE '09},
	Title = {Implications of Integrating {Test-driven Development} into {CS1/CS2} Curricula},
	Url = {http://doi.acm.org/10.1145/1508865.1508921},
	Year = {2009},
	Bdsk-Url-1 = {http://doi.acm.org/10.1145/1508865.1508921},
	Bdsk-Url-2 = {https://doi.org/10.1145/1508865.1508921}}

@article{Dogsa2011,
	Author = {Dog{\v{s}}a, Toma{\v{z}} and Bati{\v{c}}, David},
	Doi = {10.1007/s11219-011-9130-2},
	Issn = {1573-1367},
	Journal = {Software Quality Journal},
	Number = {4},
	Pages = {643--661},
	Title = {The effectiveness of {Test-Driven Development}: an industrial case study},
	Url = {http://dx.doi.org/10.1007/s11219-011-9130-2},
	Volume = {19},
	Year = {2011},
	Bdsk-Url-1 = {http://dx.doi.org/10.1007/s11219-011-9130-2}}

@article{Domino2007,
	Author = {Domino, Madeline Ann and Collins, Rosann Webb and Hevner, Alan R.},
	Doi = {10.1007/s10799-007-0016-8},
	Issn = {1573-7667},
	Journal = {Information Technology and Management},
	Number = {4},
	Pages = {297--312},
	Title = {Controlled experimentation on adaptations of pair programming},
	Url = {http://dx.doi.org/10.1007/s10799-007-0016-8},
	Volume = {8},
	Year = {2007},
	Bdsk-Url-1 = {http://dx.doi.org/10.1007/s10799-007-0016-8}}

@inproceedings{Domino2003,
	Acmid = {761856},
	Author = {Domino, Madeline Ann and Collins, Rosann Webb and Hevner, Alan R. and Cohen, Cynthia F.},
	Booktitle = {Proceedings of the 2003 SIGMIS Conference on Computer Personnel Research: Freedom in Philadelphia--leveraging Differences and Diversity in the IT Workforce},
	Doi = {10.1145/761849.761856},
	Isbn = {1-58113-666-8},
	Keywords = {agile methods, collaborative software development, conflict, pair programming},
	Location = {Philadelphia, Pennsylvania},
	Numpages = {8},
	Pages = {44--51},
	Publisher = {ACM},
	Series = {SIGMIS CPR '03},
	Title = {Conflict in Collaborative Software Development},
	Url = {http://doi.acm.org/10.1145/761849.761856},
	Year = {2003},
	Bdsk-Url-1 = {http://doi.acm.org/10.1145/761849.761856},
	Bdsk-Url-2 = {https://doi.org/10.1145/761849.761856}}

@inproceedings{Edwards2003,
	Author = {Edwards, Stephen H},
	Booktitle = {Proceedings of the International Conference on Education and Information Systems: Technologies and Applications EISTA},
	Title = {Using {Test-Driven Development} in the classroom: Providing students with automatic, concrete feedback on performance},
	Volume = {3},
	Year = {2003}}

@article{Edwards2004,
	Acmid = {971312},
	Address = {New York, NY, USA},
	Author = {Edwards, Stephen H.},
	Doi = {10.1145/1028174.971312},
	Issn = {0097-8418},
	Issue_Date = {March 2004},
	Journal = {SIGCSE Bull.},
	Keywords = {CS1, automated grading, extreme programming, pedagogy, test-driven development},
	Number = {1},
	Numpages = {5},
	Pages = {26--30},
	Publisher = {ACM},
	Title = {Using Software Testing to Move Students from Trial-and-error to Reflection-in-action},
	Url = {http://doi.acm.org/10.1145/1028174.971312},
	Volume = {36},
	Year = {2004},
	Bdsk-Url-1 = {http://doi.acm.org/10.1145/1028174.971312},
	Bdsk-Url-2 = {https://doi.org/10.1145/1028174.971312}}

@article{Erdogmus2005,
	Author = {Erdogmus, H. and Morisio, Maurizio and Torchiano, Marco},
	Doi = {10.1109/TSE.2005.37},
	Issn = {0098-5589},
	Journal = {IEEE Transactions on Software Engineering},
	Keywords = {program debugging;program testing;software quality;formal verification;general programming technique;program debugging;program testing;software engineering process;software quality;test-driven development;Computer Society;Debugging;Feedback;Functional programming;Productivity;Programming profession;Quality assurance;Software quality;Software testing;Writing;Index Terms- General programming techniques;Software Quality/SQA;coding tools and techniques;productivity;programming paradigms.;software engineering process;testing and debugging;testing strategies},
	Number = {3},
	Pages = {226-237},
	Title = {On the effectiveness of the {T}est-{F}irst approach to programming},
	Volume = {31},
	Year = {2005},
	Bdsk-Url-1 = {https://doi.org/10.1109/TSE.2005.37}}

@book{Feinberg1995,
	Author = {Feinberg, M.},
	Publisher = {Springer-Verlag Berlin Heidelberg},
	Title = {Chemometrics in Environmental Chemistry -- Applications},
	Year = 1995}

@article{Fenton1994,
	Author = {N. Fenton},
	Doi = {10.1109/32.268921},
	Issn = {0098-5589},
	Journal = {IEEE Transactions on Software Engineering},
	Keywords = {measurement theory;programming theory;software metrics;complexity attributes;measurement theory;metrics validation;scientific basis;software complexity measures;software measurement;software metrics work;Blood pressure;Cost function;Counting circuits;Gain measurement;Humans;Software measurement;Software metrics;Software reliability;Software testing},
	Number = {3},
	Pages = {199-206},
	Title = {Software measurement: a necessary scientific basis},
	Volume = {20},
	Year = {1994},
	Bdsk-Url-1 = {https://doi.org/10.1109/32.268921}}

@article{Ficco2011,
	Acmid = {2043292},
	Address = {New York, NY, United States},
	Articleno = {2},
	Author = {Ficco, Massimo and Pietrantuono, Roberto and Russo, Stefano},
	Doi = {10.1155/2011/492757},
	Issn = {1687-8655},
	Issue_Date = {January 2011},
	Journal = {Adv. Soft. Eng.},
	Numpages = {18},
	Pages = {2:1--2:18},
	Publisher = {Hindawi Publishing Corp.},
	Title = {Bug Localization in Test-driven Development},
	Url = {http://dx.doi.org/10.1155/2011/492757},
	Volume = {2011},
	Year = {2011},
	Bdsk-Url-1 = {http://dx.doi.org/10.1155/2011/492757}}

@inproceedings{Filho2006,
	Acmid = {1137710},
	Author = {Paula Filho, Wilson P.},
	Booktitle = {Proceedings of the 2006 International Workshop on Software Quality},
	Doi = {10.1145/1137702.1137710},
	Isbn = {1-59593-399-9},
	Keywords = {course project, software process, software quality, use case},
	Location = {Shanghai, China},
	Numpages = {6},
	Pages = {33--38},
	Publisher = {ACM},
	Series = {WoSQ '06},
	Title = {Quality {G}ates in {U}se-case {D}riven {D}evelopment},
	Url = {http://doi.acm.org/10.1145/1137702.1137710},
	Year = {2006},
	Bdsk-Url-1 = {http://doi.acm.org/10.1145/1137702.1137710},
	Bdsk-Url-2 = {https://doi.org/10.1145/1137702.1137710}}

@book{fleiss1986,
	Author = {Fleiss, Joseph L},
	Publisher = {John Wiley \& Sons},
	Title = {Design and analysis of clinical experiments},
	Year = {1986}}

@inproceedings{Flohr2005,
	Author = {Flohr, Thomas and Schneider, Thorsten},
	Booktitle = {Product Focused Software Process Improvement: 6th International Conference, PROFES 2005, Oulu, Finland, June 13-15, 2005. Proceedings},
	Doi = {10.1007/11497455_37},
	Isbn = {978-3-540-31640-4},
	Pages = {474--486},
	Publisher = {Springer Berlin Heidelberg},
	Title = {An {XP} Experiment with Students -- Setup and Problems},
	Url = {http://dx.doi.org/10.1007/11497455_37},
	Year = {2005},
	Bdsk-Url-1 = {http://dx.doi.org/10.1007/11497455_37}}

@inproceedings{Flohr2006,
	Author = {Flohr, Thomas and Schneider, Thorsten},
	Booktitle = {Product-Focused Software Process Improvement: 7th International Conference, PROFES 2006, Amsterdam, The Netherlands, June 12-14, 2006. Proceedings},
	Doi = {10.1007/11767718_26},
	Isbn = {978-3-540-34683-8},
	Pages = {305--318},
	Publisher = {Springer Berlin Heidelberg},
	Title = {Lessons Learned from an {XP} Experiment with Students: Test-First Needs More Teachings},
	Url = {http://dx.doi.org/10.1007/11767718_26},
	Year = {2006},
	Bdsk-Url-1 = {http://dx.doi.org/10.1007/11767718_26}}

@book{Fleiss2011,
	Author = {Fleiss, J.L.},
	Publisher = {Wiley},
	Title = {Design and Analysis of Clinical Experiments},
	Year = {2011}}

@article{Fucci2014OnTheRole,
	Author = {Fucci, Davide and Turhan, Burak},
	Doi = {10.1007/s10664-013-9259-7},
	Issn = {1573-7616},
	Journal = {Empirical Software Engineering},
	Number = {2},
	Pages = {277--302},
	Title = {On the role of tests in test-driven development: a differentiated and partial replication},
	Url = {http://dx.doi.org/10.1007/s10664-013-9259-7},
	Volume = {19},
	Year = {2014},
	Bdsk-Url-1 = {http://dx.doi.org/10.1007/s10664-013-9259-7}}

@inproceedings{Fucci2013,
	Author = {D. Fucci and B. Turhan},
	Booktitle = {2013 ACM / IEEE International Symposium on Empirical Software Engineering and Measurement},
	Doi = {10.1109/ESEM.2013.15},
	Issn = {1949-3770},
	Keywords = {program testing;software quality;Mann-Whitney tests;TF development;control group;correlation study;developer productivity;development practice;production code;replicated experiment;software product quality;test-first development;test-last approach;Context;Correlation;Measurement;Productivity;Programming;Software;experiment replication;productivity;software quality;test-driven development},
	Month = {Oct},
	Pages = {103-112},
	Publisher = {ACM},
	Series = {ESEM '13},
	Title = {A Replicated Experiment on the Effectiveness of {Test-First Development}},
	Year = {2013},
	Bdsk-Url-1 = {https://doi.org/10.1109/ESEM.2013.15}}

@inproceedings{Fucci2014,
	Acmid = {2652526},
	Articleno = {10},
	Author = {Fucci, Davide and Turhan, Burak and Oivo, Markku},
	Booktitle = {Proceedings of the 8th ACM/IEEE International Symposium on Empirical Software Engineering and Measurement},
	Doi = {10.1145/2652524.2652526},
	Isbn = {978-1-4503-2774-9},
	Keywords = {developers productivity, regression models, software quality, test-driven development},
	Location = {Torino, Italy},
	Numpages = {10},
	Pages = {10:1--10:10},
	Publisher = {ACM},
	Series = {ESEM '14},
	Title = {Impact of Process Conformance on the Effects of Test-driven Development},
	Url = {http://doi.acm.org/10.1145/2652524.2652526},
	Year = {2014},
	Bdsk-Url-1 = {http://doi.acm.org/10.1145/2652524.2652526},
	Bdsk-Url-2 = {https://doi.org/10.1145/2652524.2652526}}

@article{Fucci2015Towards,
	Author = {Davide Fucci and Burak Turhan and Natalia Juristo and Oscar Dieste and Ayse Tosun-Misirli and Markku Oivo},
	Doi = {http://dx.doi.org/10.1016/j.infsof.2015.08.004},
	Issn = {0950-5849},
	Journal = {Information and Software Technology},
	Keywords = {Developers' productivity},
	Pages = {82 - 97},
	Title = {Towards an operationalization of test-driven development skills: An industrial empirical study},
	Url = {http://www.sciencedirect.com/science/article/pii/S0950584915001469},
	Volume = {68},
	Year = {2015},
	Bdsk-Url-1 = {http://www.sciencedirect.com/science/article/pii/S0950584915001469},
	Bdsk-Url-2 = {http://dx.doi.org/10.1016/j.infsof.2015.08.004}}

@inproceedings{Fucci2015,
	Acmid = {2745826},
	Articleno = {25},
	Author = {Fucci, Davide and Turhan, Burak and Oivo, Markku},
	Booktitle = {Proceedings of the 19th International Conference on Evaluation and Assessment in Software Engineering},
	Doi = {10.1145/2745802.2745826},
	Isbn = {978-1-4503-3350-4},
	Keywords = {developers' productivity, developers' skills, external quality, unit testing},
	Location = {Nanjing, China},
	Numpages = {6},
	Pages = {25:1--25:6},
	Publisher = {ACM},
	Series = {EASE '15},
	Title = {On the Effects of Programming and Testing Skills on External Quality and Productivity in a Test-driven Development Context},
	Url = {http://doi.acm.org/10.1145/2745802.2745826},
	Year = {2015},
	Bdsk-Url-1 = {http://doi.acm.org/10.1145/2745802.2745826},
	Bdsk-Url-2 = {https://doi.org/10.1145/2745802.2745826}}

@inproceedings{Fucci2016,
	Acmid = {2962592},
	Articleno = {3},
	Author = {Fucci, Davide and Scanniello, Giuseppe and Romano, Simone and Shepperd, Martin and Sigweni, Boyce and Uyaguari, Fernando and Turhan, Burak and Juristo, Natalia and Oivo, Markku},
	Booktitle = {Proceedings of the 10th ACM/IEEE International Symposium on Empirical Software Engineering and Measurement},
	Doi = {10.1145/2961111.2962592},
	Isbn = {978-1-4503-4427-2},
	Keywords = {blind analysis, external experiment replication, test-driven development},
	Location = {Ciudad Real, Spain},
	Numpages = {10},
	Pages = {3:1--3:10},
	Publisher = {ACM},
	Series = {ESEM '16},
	Title = {An External Replication on the Effects of {Test-Driven Development} Using a Multi-site Blind Analysis Approach},
	Url = {http://doi.acm.org/10.1145/2961111.2962592},
	Year = {2016},
	Bdsk-Url-1 = {http://doi.acm.org/10.1145/2961111.2962592},
	Bdsk-Url-2 = {https://doi.org/10.1145/2961111.2962592}}

@book{George2002,
	Author = {George, Boby},
	Publisher = {Master's thesis. North Carolina State University},
	Title = {Analysis and Quantification of {T}est-{D}riven {D}evelopment Approach},
	Year = {2002}}

@article{George2004,
	Author = {Boby George and Laurie Williams},
	Doi = {http://dx.doi.org/10.1016/j.infsof.2003.09.011},
	Issn = {0950-5849},
	Journal = {Information and Software Technology},
	Keywords = {Agile methodologies},
	Number = {5},
	Pages = {337 - 342},
	Title = {A structured experiment of {Test-Driven Development}},
	Url = {http://www.sciencedirect.com/science/article/pii/S0950584903002040},
	Volume = {46},
	Year = {2004},
	Bdsk-Url-1 = {http://www.sciencedirect.com/science/article/pii/S0950584903002040},
	Bdsk-Url-2 = {http://dx.doi.org/10.1016/j.infsof.2003.09.011}}

@inproceedings{George2003,
	Acmid = {952753},
	Author = {George, Boby and Williams, Laurie},
	Booktitle = {Proceedings of the 2003 ACM Symposium on Applied Computing},
	Doi = {10.1145/952532.952753},
	Isbn = {1-58113-624-2},
	Keywords = {agile methodologies, extreme programming, software engineering, software experimentation, test driven development},
	Location = {Melbourne, Florida},
	Numpages = {5},
	Pages = {1135--1139},
	Publisher = {ACM},
	Series = {SAC '03},
	Title = {An Initial Investigation of {T}est {D}riven {D}evelopment in Industry},
	Url = {http://doi.acm.org/10.1145/952532.952753},
	Year = {2003},
	Bdsk-Url-1 = {http://doi.acm.org/10.1145/952532.952753},
	Bdsk-Url-2 = {https://doi.org/10.1145/952532.952753}}

@inproceedings{Geras2004,
	Author = {A. Geras and M. Smith and J. Miller},
	Booktitle = {Proceedings. 10th International Symposium on Software Metrics, 2004.},
	Doi = {10.1109/METRIC.2004.1357925},
	Issn = {1530-1435},
	Keywords = {program testing;program verification;software development management;software performance evaluation;software prototyping;software quality;productivity;prototype empirical evaluation;software development process;software quality;software validation;software verification;test driven development;Automatic testing;Debugging;Frequency;Productivity;Programming;Prototypes;Software prototyping;Software quality;Software testing;System testing},
	Month = {Sept},
	Pages = {405-416},
	Title = {A prototype empirical evaluation of {Test Driven Development}},
	Year = {2004},
	Bdsk-Url-1 = {https://doi.org/10.1109/METRIC.2004.1357925}}

@book{Geras2004Thesis,
	Author = {Geras, Adam},
	Publisher = {Master's thesis. University of Calgary},
	Title = {The effectiveness of {Test-Driven Development}},
	Year = {2004}}

@article{Glass2002,
	Author = {R.L. Glass and I. Vessey and V. Ramesh},
	Doi = {http://dx.doi.org/10.1016/S0950-5849(02)00049-6},
	Issn = {0950-5849},
	Journal = {Information and Software Technology},
	Keywords = {Level of analysis: profession},
	Number = {8},
	Pages = {491 - 506},
	Title = {Research in software engineering: an analysis of the literature},
	Url = {http://www.sciencedirect.com/science/article/pii/S0950584902000496},
	Volume = {44},
	Year = {2002},
	Bdsk-Url-1 = {http://www.sciencedirect.com/science/article/pii/S0950584902000496},
	Bdsk-Url-2 = {http://dx.doi.org/10.1016/S0950-5849(02)00049-6}}

@inproceedings{Gupta2007,
	Author = {A. Gupta and P. Jalote},
	Booktitle = {First International Symposium on Empirical Software Engineering and Measurement},
	Doi = {10.1109/ESEM.2007.41},
	Issn = {1949-3770},
	Keywords = {program testing;software engineering;development-styles;single-factor block design;test driven development;Automatic testing;Productivity;Programming;Software design;Software engineering;Software measurement;Software quality;Software testing;System testing;Writing;Software development styles;experimental analysis.;software;test-driven development;testing;unit testing},
	Month = {Sept},
	Pages = {285-294},
	Series = {ESEM 2007},
	Title = {An Experimental Evaluation of the Effectiveness and Efficiency of the {T}est {D}riven {D}evelopment},
	Year = {2007},
	Bdsk-Url-1 = {https://doi.org/10.1109/ESEM.2007.41}}

@book{Gwet2014,
	Author = {Gwet, K.L.},
	Edition = 4,
	Publisher = {Advanced Analytics, LLC},
	Title = {Handbook of Inter-Rater Reliability. The Definitive Guide to Measuring the Extent of Agreement Among Raters},
	Year = 2014}

@article{Hannay2007,
	Author = {J. E. Hannay and D. I. K. Sjoberg and T. Dyba},
	Doi = {10.1109/TSE.2007.12},
	Issn = {0098-5589},
	Journal = {IEEE Transactions on Software Engineering},
	Keywords = {software engineering;cause-effect relationship;software engineering;Computer industry;Design for experiments;Programming;Software engineering;Testing;Theory;empirical software engineering.;experiments;research methodology},
	Number = {2},
	Pages = {87-107},
	Title = {A Systematic Review of Theory Use in Software Engineering Experiments},
	Volume = {33},
	Year = {2007},
	Bdsk-Url-1 = {https://doi.org/10.1109/TSE.2007.12}}

@inproceedings{Hofer2009,
	Author = {H{\"o}fer, Andreas and Philipp, Marc},
	Booktitle = {Agile Processes in Software Engineering and Extreme Programming: 10th International Conference, XP 2009, Pula, Sardinia, Italy, May 25-29, 2009. Proceedings},
	Doi = {10.1007/978-3-642-01853-4_6},
	Isbn = {978-3-642-01853-4},
	Pages = {33--42},
	Publisher = {Springer Berlin Heidelberg},
	Title = {An Empirical Study on the {TDD} Conformance of Novice and Expert Pair Programmers},
	Url = {http://dx.doi.org/10.1007/978-3-642-01853-4_6},
	Year = {2009},
	Bdsk-Url-1 = {http://dx.doi.org/10.1007/978-3-642-01853-4_6}}

@inproceedings{Huang2006,
	Author = {Liang Huang and M. Holcombe},
	Booktitle = {Testing: Academic Industrial Conference - Practice And Research Techniques (TAIC PART'06)},
	Doi = {10.1109/TAIC-PART.2006.7},
	Keywords = {program testing;software development management;SSEO environment;Sheffield Software Engineering Observatory;iterative process;test cases;test-first approach empirical assessment;test-last approach;Automatic testing;Computer science;Debugging;Iterative methods;Observatories;Productivity;Programming profession;Software engineering;Software testing;System testing},
	Month = {Aug},
	Pages = {197-202},
	Title = {Empirical Assessment of Test-First Approach},
	Year = {2006},
	Bdsk-Url-1 = {https://doi.org/10.1109/TAIC-PART.2006.7}}

@article{Huang2009,
	Author = {Liang Huang and Mike Holcombe},
	Doi = {http://dx.doi.org/10.1016/j.infsof.2008.03.007},
	Issn = {0950-5849},
	Journal = {Information and Software Technology},
	Keywords = {Programming paradigms},
	Number = {1},
	Pages = {182 - 194},
	Title = {Empirical investigation towards the effectiveness of Test First programming},
	Url = {http://www.sciencedirect.com/science/article/pii/S0950584908000517},
	Volume = {51},
	Year = {2009},
	Bdsk-Url-1 = {http://www.sciencedirect.com/science/article/pii/S0950584908000517},
	Bdsk-Url-2 = {http://dx.doi.org/10.1016/j.infsof.2008.03.007}}

@inproceedings{Huang2007,
	Author = {L. Huang and C. Thomson and M. Holcombe},
	Booktitle = {Testing: Academic and Industrial Conference Practice and Research Techniques - MUTATION, 2007. TAICPART-MUTATION 2007},
	Doi = {10.1109/TAIC.PART.2007.16},
	Keywords = {program testing;software development management;Sheffield Software Engineering Observatory;professional skill level;software development projects;testing ability assessment;Automatic testing;Computer science;Data analysis;Observatories;Productivity;Programming profession;Radio access networks;Software engineering;Software quality;Software testing},
	Month = {Sept},
	Pages = {82-88},
	Title = {How good are your testers? An assessment of testing ability},
	Year = {2007},
	Bdsk-Url-1 = {https://doi.org/10.1109/TAIC.PART.2007.16}}

@inproceedings{Janzen2007ALeveled,
	Author = {D. S. Janzen and H. Saiedian},
	Booktitle = {29th International Conference on Software Engineering (ICSE'07)},
	Doi = {10.1109/ICSE.2007.8},
	Issn = {0270-5257},
	Keywords = {computer science education;program testing;software engineering;computer science education;leveled examination;software engineering;test-driven development acceptance;undergraduate programming courses;Automatic programming;Automatic testing;Computer languages;Industrial training;Optimized production technology;Productivity;Programming profession;Software engineering;Software quality;Software testing},
	Month = {May},
	Pages = {719-722},
	Title = {A Leveled Examination of {T}est-{D}riven {D}evelopment Acceptance},
	Year = {2007},
	Bdsk-Url-1 = {https://doi.org/10.1109/ICSE.2007.8}}

@article{Janzen2008Does,
	Author = {D. Janzen and H. Saiedian},
	Doi = {10.1109/MS.2008.34},
	Issn = {0740-7459},
	Journal = {IEEE Software},
	Keywords = {program testing;software metrics;software process improvement;software quality;cohesion metrics;confounding factor;extreme programming;software design quality improvement;test-driven development;Automatic testing;Open source software;Productivity;Programming profession;Propulsion;Software design;Software quality;Software testing;Writing;TDD;quality analysis;quality metrics;software architecture;software design;test design;test-driven development},
	Number = {2},
	Pages = {77-84},
	Title = {Does {T}est-{D}riven {D}evelopment Really Improve Software Design Quality?},
	Volume = {25},
	Year = {2008},
	Bdsk-Url-1 = {https://doi.org/10.1109/MS.2008.34}}

@inproceedings{Janzen2006,
	Author = {D. S. Janzen and H. Saiedian},
	Booktitle = {19th Conference on Software Engineering Education Training (CSEET'06)},
	Doi = {10.1109/CSEET.2006.25},
	Issn = {1093-0175},
	Keywords = {computer science education;educational courses;object-oriented programming;program testing;software architecture;software quality;teaching;agile software development;internal software design quality;iterative development approach;iterative test-first approach;iterative test-last approach;linear test-last approach;object decomposition;programmer discipline;programmer motivation;programming project;software engineering course;test-driven development;undergraduate students;Automatic testing;Iterative methods;Linear programming;Productivity;Programming profession;Software design;Software engineering;Software testing;System testing;Writing},
	Month = {April},
	Pages = {141-148},
	Title = {On the Influence of {T}est-{D}riven {D}evelopment on Software Design},
	Year = {2006},
	Bdsk-Url-1 = {https://doi.org/10.1109/CSEET.2006.25}}

@inproceedings{Janzen2008,
	Acmid = {1352315},
	Author = {Janzen, David and Saiedian, Hossein},
	Booktitle = {Proceedings of the 39th SIGCSE Technical Symposium on Computer Science Education},
	Doi = {10.1145/1352135.1352315},
	Isbn = {978-1-59593-799-5},
	Keywords = {cs1, pedagogy, test-driven development, test-driven learning},
	Location = {Portland, OR, USA},
	Numpages = {5},
	Pages = {532--536},
	Publisher = {ACM},
	Series = {SIGCSE '08},
	Title = {Test-driven Learning in Early Programming Courses},
	Url = {http://doi.acm.org/10.1145/1352135.1352315},
	Year = {2008},
	Bdsk-Url-1 = {http://doi.acm.org/10.1145/1352135.1352315},
	Bdsk-Url-2 = {https://doi.org/10.1145/1352135.1352315}}

@inproceedings{Janzen2007,
	Author = {D. S. Janzen and C. S. Turner and H. Saiedian},
	Booktitle = {20th Conference on Software Engineering Education Training (CSEET'07)},
	Doi = {10.1109/CSEET.2007.20},
	Issn = {1093-0175},
	Keywords = {computer science education;educational aids;educational courses;software engineering;crafting;empirical evidence;empirical software engineering;industry short courses;internal software quality;pedagogical value;test-driven development;Computer industry;Computer science;Feedback;Industrial training;Iterative methods;Laboratories;Programming profession;Software engineering;Software quality;Software testing},
	Month = {July},
	Pages = {89-96},
	Title = {Empirical {Software Engineering} in Industry Short Courses},
	Year = {2007},
	Bdsk-Url-1 = {https://doi.org/10.1109/CSEET.2007.20}}

@inproceedings{Janzen2006Learning,
	Acmid = {1121419},
	Author = {Janzen, David S. and Saiedian, Hossein},
	Booktitle = {Proceedings of the 37th SIGCSE Technical Symposium on Computer Science Education},
	Doi = {10.1145/1121341.1121419},
	Isbn = {1-59593-259-3},
	Keywords = {CS1, extreme programming, pedagogy, test-driven development, test-driven learning},
	Location = {Houston, Texas, USA},
	Numpages = {5},
	Pages = {254--258},
	Publisher = {ACM},
	Series = {SIGCSE '06},
	Title = {Test-driven Learning: Intrinsic Integration of Testing into the CS/SE Curriculum},
	Url = {http://doi.acm.org/10.1145/1121341.1121419},
	Year = {2006},
	Bdsk-Url-1 = {http://doi.acm.org/10.1145/1121341.1121419},
	Bdsk-Url-2 = {https://doi.org/10.1145/1121341.1121419}}

@article{Janzen2005,
	Author = {Janzen, David S and Saiedian, Hossein},
	Journal = {Computer},
	Number = {9},
	Pages = {43--50},
	Title = {Test-driven development: Concepts, taxonomy, and future direction},
	Volume = {38},
	Year = {2005}}

@phdthesis{Janzen2006Thesis,
	Author = {Janzen, David Scott},
	School = {University of Kansas},
	Title = {An empirical evaluation of the impact of test-driven development on software quality},
	Year = {1993}}

@inproceedings{Jedlitschka2005,
	Author = {A. Jedlitschka and D. Pfahl},
	Booktitle = {2005 International Symposium on Empirical Software Engineering, 2005.},
	Doi = {10.1109/ISESE.2005.1541818},
	Keywords = {software engineering;empirical software engineering;guideline development process;Costs;Data mining;Feedback;Guidelines;Programming;Proposals;Psychology;Software engineering;Standards publication;Taxonomy},
	Month = {Nov},
	Pages = {10 pp.-},
	Title = {Reporting guidelines for controlled experiments in software engineering},
	Year = {2005},
	Bdsk-Url-1 = {https://doi.org/10.1109/ISESE.2005.1541818}}

@article{Jeffries2007,
	Author = {R. Jeffries and G. Melnik},
	Doi = {10.1109/MS.2007.75},
	Issn = {0740-7459},
	Journal = {IEEE Software},
	Keywords = {Art;Automatic testing;Embedded software;Graphical user interfaces;Performance evaluation;Programming profession;Safety;Software testing;Spatial databases;Writing;TDD;program testing;software engineering;test-driven development},
	Number = {3},
	Pages = {24-30},
	Title = {Guest Editors' Introduction: {TDD}--The Art of Fearless Programming},
	Volume = {24},
	Year = {2007},
	Bdsk-Url-1 = {https://doi.org/10.1109/MS.2007.75}}

@article{Jones2004,
	Acmid = {1040261},
	Address = {USA},
	Author = {Jones, Christopher G.},
	Issn = {1937-4771},
	Issue_Date = {October 2004},
	Journal = {J. Comput. Sci. Coll.},
	Number = {1},
	Numpages = {12},
	Pages = {220--231},
	Publisher = {Consortium for Computing Sciences in Colleges},
	Title = {Test-driven {D}evelopment Goes to School},
	Url = {http://dl.acm.org/citation.cfm?id=1040231.1040261},
	Volume = {20},
	Year = {2004},
	Bdsk-Url-1 = {http://dl.acm.org/citation.cfm?id=1040231.1040261}}

@inproceedings{Kaufmann2003,
	Acmid = {949421},
	Author = {Kaufmann, Reid and Janzen, David},
	Booktitle = {Companion of the 18th Annual ACM SIGPLAN Conference on Object-oriented Programming, Systems, Languages, and Applications},
	Doi = {10.1145/949344.949421},
	Isbn = {1-58113-751-6},
	Keywords = {agile development, software quality, test-driven development},
	Location = {Anaheim, CA, USA},
	Numpages = {2},
	Pages = {298--299},
	Publisher = {ACM},
	Series = {OOPSLA '03},
	Title = {Implications of Test-driven Development: A Pilot Study},
	Url = {http://doi.acm.org/10.1145/949344.949421},
	Year = {2003},
	Bdsk-Url-1 = {http://doi.acm.org/10.1145/949344.949421},
	Bdsk-Url-2 = {https://doi.org/10.1145/949344.949421}}

@inproceedings{Keefe2006,
	Acmid = {1151882},
	Author = {Keefe, Karen and Sheard, Judithe and Dick, Martin},
	Booktitle = {Proceedings of the 8th Australasian Conference on Computing Education - Volume 52},
	Isbn = {1-920682-34-1},
	Keywords = {action research, extreme programming, learning to program, pair programming, refactoring, simple design, test driven development},
	Location = {Hobart, Australia},
	Numpages = {10},
	Pages = {91--100},
	Publisher = {Australian Computer Society, Inc.},
	Series = {ACE '06},
	Title = {Adopting XP Practices for Teaching Object Oriented Programming},
	Url = {http://dl.acm.org/citation.cfm?id=1151869.1151882},
	Year = {2006},
	Bdsk-Url-1 = {http://dl.acm.org/citation.cfm?id=1151869.1151882}}

@article{Kitchenham2002,
	Author = {B. A. Kitchenham and S. L. Pfleeger and L. M. Pickard and P. W. Jones and D. C. Hoaglin and K. El Emam and J. Rosenberg},
	Doi = {10.1109/TSE.2002.1027796},
	Issn = {0098-5589},
	Journal = {IEEE Transactions on Software Engineering},
	Keywords = {software engineering;software engineering;software researchers;Computer Society;Computer science;Data analysis;Guidelines;Laboratories;Software engineering;Software performance;Software standards;Statistics;Surgery},
	Number = {8},
	Pages = {721-734},
	Title = {Preliminary guidelines for empirical research in software engineering},
	Volume = {28},
	Year = {2002},
	Bdsk-Url-1 = {https://doi.org/10.1109/TSE.2002.1027796}}

@incollection{keele2007guidelines,
	Author = {B.A. Kitchenham and S. Charters},
	Booktitle = {EBSE Technical Report ver. 2.3, EBSE-2007-01},
	Publisher = {Software Eng. Group.},
	Title = {Procedures for Performing Systematic Literature Review in Software Engineering}}

@article{Kitchenham2009,
	Author = {Barbara Kitchenham and O. Pearl Brereton and David Budgen and Mark Turner and John Bailey and Stephen Linkman},
	Doi = {https://doi.org/10.1016/j.infsof.2008.09.009},
	Issn = {0950-5849},
	Journal = {Information and Software Technology},
	Keywords = {Cost estimation},
	Note = {Special Section - Most Cited Articles in 2002 and Regular Research Papers},
	Number = {1},
	Pages = {7 - 15},
	Title = {Systematic literature reviews in software engineering -- A systematic literature review},
	Url = {http://www.sciencedirect.com/science/article/pii/S0950584908001390},
	Volume = {51},
	Year = {2009},
	Bdsk-Url-1 = {http://www.sciencedirect.com/science/article/pii/S0950584908001390},
	Bdsk-Url-2 = {https://doi.org/10.1016/j.infsof.2008.09.009}}

@inproceedings{Kobayashi2006,
	Acmid = {1134361},
	Author = {Kobayashi, Osamu and Kawabata, Mitsuyoshi and Sakai, Makoto and Parkinson, Eddy},
	Booktitle = {Proceedings of the 28th International Conference on Software Engineering},
	Doi = {10.1145/1134285.1134361},
	Isbn = {1-59593-375-1},
	Keywords = {extreme programming, metrics, software engineering, software process},
	Location = {Shanghai, China},
	Numpages = {7},
	Pages = {544--550},
	Publisher = {ACM},
	Series = {ICSE '06},
	Title = {Analysis of the Interaction Between Practices for Introducing XP Effectively},
	Url = {http://doi.acm.org/10.1145/1134285.1134361},
	Year = {2006},
	Bdsk-Url-1 = {http://doi.acm.org/10.1145/1134285.1134361},
	Bdsk-Url-2 = {https://doi.org/10.1145/1134285.1134361}}

@inproceedings{Kollanus2008Test,
	Acmid = {1384306},
	Author = {Kollanus, Sami and Isom\"{o}tt\"{o}nen, Ville},
	Booktitle = {Proceedings of the 13th Annual Conference on Innovation and Technology in Computer Science Education},
	Doi = {10.1145/1384271.1384306},
	Isbn = {978-1-60558-078-4},
	Keywords = {TDD, education},
	Location = {Madrid, Spain},
	Numpages = {4},
	Pages = {124--127},
	Publisher = {ACM},
	Series = {ITiCSE '08},
	Title = {Test-driven Development in Education: Experiences with Critical Viewpoints},
	Url = {http://doi.acm.org/10.1145/1384271.1384306},
	Year = {2008},
	Bdsk-Url-1 = {http://doi.acm.org/10.1145/1384271.1384306},
	Bdsk-Url-2 = {https://doi.org/10.1145/1384271.1384306}}

@inproceedings{Kollanus2008,
	Acmid = {1595362},
	Author = {Kollanus, Sami and Isom\"{o}tt\"{o}nen, Ville},
	Booktitle = {Proceedings of the 8th International Conference on Computing Education Research},
	Doi = {10.1145/1595356.1595362},
	Isbn = {978-1-60558-385-3},
	Keywords = {TDD, education},
	Location = {Koli, Finland},
	Numpages = {7},
	Pages = {25--31},
	Publisher = {ACM},
	Series = {Koli '08},
	Title = {Understanding {TDD} in Academic Environment: Experiences from Two Experiments},
	Url = {http://doi.acm.org/10.1145/1595356.1595362},
	Year = {2008},
	Bdsk-Url-1 = {http://doi.acm.org/10.1145/1595356.1595362},
	Bdsk-Url-2 = {https://doi.org/10.1145/1595356.1595362}}

@inproceedings{Laranjeiro2009,
	Author = {N. Laranjeiro and M. Vieira},
	Booktitle = {Second International Conference on Dependability, 2009. DEPEND '09.},
	Doi = {10.1109/DEPEND.2009.25},
	Keywords = {Web services;program testing;program verification;software process improvement;robust Web service;software development technique;software improvement validation;test-driven development;Application software;Automatic testing;Computer bugs;Informatics;Programming;Robustness;Simple object access protocol;Software testing;Standards development;Web services;robustness;test driven development;testing;web services},
	Month = {June},
	Pages = {122-127},
	Title = {Extending {T}est-{D}riven {D}evelopment for Robust Web Services},
	Year = {2009},
	Bdsk-Url-1 = {https://doi.org/10.1109/DEPEND.2009.25}}

@article{LarmanHistory,
	Author = {C. Larman and V. R. Basili},
	Doi = {10.1109/MC.2003.1204375},
	Issn = {0018-9162},
	Journal = {Computer},
	Keywords = {history;software engineering;agile methods;iterative and incremental developments;iterative enhancement;software engineering;software system;Application software;Feedback;Government;History;Iterative methods;Personnel;Programming;Radio access networks;Terminology;Testing},
	Number = {6},
	Pages = {47-56},
	Title = {Iterative and incremental developments. a brief history},
	Volume = {36},
	Year = {2003},
	Bdsk-Url-1 = {https://doi.org/10.1109/MC.2003.1204375}}

@article{Latorre2014,
	Author = {R. Latorre},
	Doi = {10.1109/TSE.2013.2295827},
	Issn = {0098-5589},
	Journal = {IEEE Transactions on Software Engineering},
	Keywords = {learning (artificial intelligence);program testing;software quality;UTDD;code quality;learning;productivity;software development;unit test-driven development;Context;Production;Programming profession;Software;Testing;Training;Test-driven development;process conformance;programmer productivity;software construction;software engineering process;software quality/SQA;test-first design},
	Number = {4},
	Pages = {381-395},
	Title = {Effects of Developer Experience on Learning and Applying {U}nit {T}est-{D}riven {D}evelopment},
	Volume = {40},
	Year = {2014},
	Bdsk-Url-1 = {https://doi.org/10.1109/TSE.2013.2295827}}

@article{Latorre2014ASuccessful,
	Author = {Latorre, Roberto},
	Doi = {10.1007/s10664-013-9281-9},
	Issn = {1573-7616},
	Journal = {Empirical Software Engineering},
	Number = {3},
	Pages = {753--773},
	Title = {A successful application of a {T}est-{D}riven {D}evelopment strategy in the industrial environment},
	Url = {http://dx.doi.org/10.1007/s10664-013-9281-9},
	Volume = {19},
	Year = {2014},
	Bdsk-Url-1 = {http://dx.doi.org/10.1007/s10664-013-9281-9}}

@article{Layman2006,
	Author = {Lucas Layman and Laurie Williams and Lynn Cunningham},
	Doi = {http://dx.doi.org/10.1016/j.sysarc.2006.06.009},
	Issn = {1383-7621},
	Journal = {Journal of Systems Architecture},
	Keywords = {Extreme programming},
	Number = {11},
	Pages = {654 - 667},
	Title = {Motivations and measurements in an agile case study},
	Url = {http://www.sciencedirect.com/science/article/pii/S1383762106000671},
	Volume = {52},
	Year = {2006},
	Bdsk-Url-1 = {http://www.sciencedirect.com/science/article/pii/S1383762106000671},
	Bdsk-Url-2 = {http://dx.doi.org/10.1016/j.sysarc.2006.06.009}}

@article{LeJeune2006,
	Acmid = {1089196},
	Address = {USA},
	Author = {LeJeune, Noel F},
	Issn = {1937-4771},
	Issue_Date = {February 2006},
	Journal = {J. Comput. Sci. Coll.},
	Number = {3},
	Numpages = {11},
	Pages = {107--117},
	Publisher = {Consortium for Computing Sciences in Colleges},
	Title = {Teaching {Software Engineering} Practices with {Extreme Programming}},
	Url = {http://dl.acm.org/citation.cfm?id=1089182.1089196},
	Volume = {21},
	Year = {2006},
	Bdsk-Url-1 = {http://dl.acm.org/citation.cfm?id=1089182.1089196}}

@article{Lee1989,
	Author = {James Lee and David Koh and C.N. Ong},
	Journal = {Computers in Biology and Medicine},
	Number = 1,
	Pages = {61 - 70},
	Title = {Statistical evaluation of agreement between two methods for measuring a quantitative variable},
	Volume = 19,
	Year = 1989}

@inproceedings{Lui2004,
	Author = {Lui, Kim Man and Chan, Keith C. C.},
	Booktitle = {Extreme Programming and Agile Processes in Software Engineering: 5th International Conference, XP 2004, Garmisch-Partenkirchen, Germany, June 6-10, 2004. Proceedings},
	Doi = {10.1007/978-3-540-24853-8_27},
	Isbn = {978-3-540-24853-8},
	Pages = {219--222},
	Publisher = {Springer Berlin Heidelberg},
	Title = {Test {D}riven {D}evelopment and Software Process Improvement in {C}hina},
	Url = {http://dx.doi.org/10.1007/978-3-540-24853-8_27},
	Year = {2004},
	Bdsk-Url-1 = {http://dx.doi.org/10.1007/978-3-540-24853-8_27}}

@inproceedings{Madeyski2005,
	Author = {Madeyski, L},
	Booktitle = {Proc. 2005 Conf. Softw. Eng.: Evol. Emerg. Technol.},
	Pages = {113},
	Title = {Preliminary analysis of the effects of {Pair Programming and Test-Driven Development} on the external code quality},
	Year = {2005}}

@inproceedings{Madeyski2007The,
	Author = {Madeyski, Lech and Sza{\l}a, {\L}ukasz},
	Booktitle = {Software Process Improvement: 14th European Conference, EuroSPI 2007, Potsdam, Germany, September 26-28, 2007. Proceedings},
	Doi = {10.1007/978-3-540-75381-0_18},
	Isbn = {978-3-540-75381-0},
	Pages = {200--211},
	Publisher = {Springer Berlin Heidelberg},
	Title = {The Impact of {T}est-{D}riven {D}evelopment on Software Development Productivity --- An Empirical Study},
	Url = {http://dx.doi.org/10.1007/978-3-540-75381-0_18},
	Year = {2007},
	Bdsk-Url-1 = {http://dx.doi.org/10.1007/978-3-540-75381-0_18}}

@article{Madeyski2010,
	Author = {Lech Madeyski},
	Doi = {http://dx.doi.org/10.1016/j.infsof.2009.08.007},
	Issn = {0950-5849},
	Journal = {Information and Software Technology},
	Keywords = {Unit tests},
	Number = {2},
	Pages = {169 - 184},
	Title = {The impact of {Test-First} programming on branch coverage and mutation score indicator of unit tests: {An} experiment},
	Url = {http://www.sciencedirect.com/science/article/pii/S0950584909001487},
	Volume = {52},
	Year = {2010},
	Bdsk-Url-1 = {http://www.sciencedirect.com/science/article/pii/S0950584909001487},
	Bdsk-Url-2 = {http://dx.doi.org/10.1016/j.infsof.2009.08.007}}

@inproceedings{Madeyski2006,
	Author = {Madeyski, Lech},
	Booktitle = {Product-Focused Software Process Improvement: 7th International Conference, PROFES 2006, Amsterdam, The Netherlands, June 12-14, 2006. Proceedings},
	Doi = {10.1007/11767718_24},
	Isbn = {978-3-540-34683-8},
	Pages = {278--289},
	Publisher = {Springer Berlin Heidelberg},
	Title = {The Impact of {P}air {P}rogramming and {T}est-{D}riven {D}evelopment on Package Dependencies in {O}bject-{O}riented {D}esign --- An Experiment},
	Url = {http://dx.doi.org/10.1007/11767718_24},
	Year = {2006},
	Bdsk-Url-1 = {http://dx.doi.org/10.1007/11767718_24}}

@inproceedings{Madeyski2007,
	Author = {Madeyski, Lech},
	Booktitle = {Product-Focused Software Process Improvement: 8th International Conference, PROFES 2007, Riga, Latvia, July 2-4, 2007. Proceedings},
	Doi = {10.1007/978-3-540-73460-4_20},
	Isbn = {978-3-540-73460-4},
	Pages = {207--221},
	Publisher = {Springer Berlin Heidelberg},
	Title = {On the Effects of {Pair Programming} on Thoroughness and Fault-Finding Effectiveness of Unit Tests},
	Url = {http://dx.doi.org/10.1007/978-3-540-73460-4_20},
	Year = {2007},
	Bdsk-Url-1 = {http://dx.doi.org/10.1007/978-3-540-73460-4_20}}

@article{Madeyski2008,
	Author = {Madeyski, Lech},
	Doi = {10.1002/spip.382},
	Issn = {1099-1670},
	Journal = {Software Process: Improvement and Practice},
	Keywords = {pair programming, unit testing, tests quality, fault-finding effectiveness, mutation score, code coverage},
	Number = {3},
	Pages = {281--295},
	Publisher = {John Wiley & Sons, Ltd.},
	Title = {Impact of {Pair Programming} on thoroughness and fault detection effectiveness of unit test suites},
	Url = {http://dx.doi.org/10.1002/spip.382},
	Volume = {13},
	Year = {2008},
	Bdsk-Url-1 = {http://dx.doi.org/10.1002/spip.382}}

@inproceedings{Marchenko2009,
	Author = {Marchenko, Artem and Abrahamsson, Pekka and Ihme, Tuomas},
	Booktitle = {Agile Processes in Software Engineering and Extreme Programming: 10th International Conference, XP 2009, Pula, Sardinia, Italy, May 25-29, 2009. Proceedings},
	Doi = {10.1007/978-3-642-01853-4_4},
	Isbn = {978-3-642-01853-4},
	Pages = {13--22},
	Publisher = {Springer Berlin Heidelberg},
	Title = {Long-{T}erm Effects of {T}est-{D}riven {D}evelopment A Case Study},
	Url = {http://dx.doi.org/10.1007/978-3-642-01853-4_4},
	Year = {2009},
	Bdsk-Url-1 = {http://dx.doi.org/10.1007/978-3-642-01853-4_4}}

@inproceedings{Maximilien2003,
	Author = {E. M. Maximilien and L. Williams},
	Booktitle = {Proceedings. 25th International Conference on Software Engineering, 2003},
	Doi = {10.1109/ICSE.2003.1201238},
	Issn = {0270-5257},
	Keywords = {formal specification;formal verification;program testing;project management;software development management;software quality;IBM retail store solution;ad-hoc unit testing;automated unit testing;software development group;software system quality;test-driven development;Automatic testing;Contracts;Life testing;Productivity;Programming;Software standards;Software systems;Software testing;Standards development;System testing},
	Month = {May},
	Pages = {564-569},
	Title = {Assessing test-driven development at IBM},
	Year = {2003},
	Bdsk-Url-1 = {https://doi.org/10.1109/ICSE.2003.1201238}}

@inproceedings{McDaid2008,
	Acmid = {1370853},
	Author = {McDaid, Kevin and Rust, Alan and Bishop, Brian},
	Booktitle = {Proceedings of the 4th International Workshop on End-user Software Engineering},
	Doi = {10.1145/1370847.1370853},
	Isbn = {978-1-60558-034-0},
	Keywords = {spreadsheet development., test-driven development},
	Location = {Leipzig, Germany},
	Numpages = {5},
	Pages = {25--29},
	Publisher = {ACM},
	Series = {WEUSE '08},
	Title = {Test-driven Development: Can It Work for Spreadsheets?},
	Url = {http://doi.acm.org/10.1145/1370847.1370853},
	Year = {2008},
	Bdsk-Url-1 = {http://doi.acm.org/10.1145/1370847.1370853},
	Bdsk-Url-2 = {https://doi.org/10.1145/1370847.1370853}}

@inproceedings{Melnik2005,
	Author = {G. Melnik and F. Maurer},
	Booktitle = {Proceedings 27th International Conference on Software Engineering, 2005. ICSE 2005.},
	Doi = {10.1109/ICSE.2005.1553593},
	Issn = {0270-5257},
	Keywords = {computer science education;software engineering;agile methods;extreme programming;software engineering education;student perceptions;Computer science;Design methodology;Employment;Engineering management;Information analysis;Permission;Productivity;Programming profession;Software engineering;Testing},
	Month = {May},
	Pages = {481-488},
	Title = {A cross-program investigation of students' perceptions of agile methods},
	Year = {2005},
	Bdsk-Url-1 = {https://doi.org/10.1109/ICSE.2005.1553593}}

@article{Misic2006,
	Acmid = {1118542},
	Author = {Mi\v{s}i\'{c}, Vojislav B.},
	Doi = {10.1145/1118537.1118542},
	Issn = {0163-5948},
	Issue_Date = {March 2006},
	Journal = {SIGSOFT Softw. Eng. Notes},
	Number = {2},
	Numpages = {8},
	Pages = {1--8},
	Publisher = {ACM},
	Title = {Perceptions of {Extreme Programming: An }Exploratory Study},
	Url = {http://doi.acm.org/10.1145/1118537.1118542},
	Volume = {31},
	Year = {2006},
	Bdsk-Url-1 = {http://doi.acm.org/10.1145/1118537.1118542},
	Bdsk-Url-2 = {https://doi.org/10.1145/1118537.1118542}}

@inproceedings{Misirli2014,
	Acmid = {2593691},
	Author = {Misirli, Ayse Tosun and Erdogmus, Hakan and Juristo, Natalia and Dieste, Oscar},
	Booktitle = {Proceedings of the 2Nd International Workshop on Conducting Empirical Studies in Industry},
	Doi = {10.1145/2593690.2593691},
	Isbn = {978-1-4503-2843-2},
	Keywords = {Industry experiments, topic elicitation, topic selection},
	Location = {Hyderabad, India},
	Numpages = {6},
	Pages = {25--30},
	Publisher = {ACM},
	Series = {CESI 2014},
	Title = {Topic Selection in Industry Experiments},
	Url = {http://doi.acm.org/10.1145/2593690.2593691},
	Year = {2014},
	Bdsk-Url-1 = {http://doi.acm.org/10.1145/2593690.2593691},
	Bdsk-Url-2 = {https://doi.org/10.1145/2593690.2593691}}

@article{Moonesinghe2007,
	Author = {Moonesinghe, Ramal AND Khoury, Muin J AND Janssens, A. Cecile J. W},
	Doi = {10.1371/journal.pmed.0040028},
	Journal = {PLOS Medicine},
	Number = {2},
	Pages = {1-4},
	Publisher = {Public Library of Science},
	Title = {Most Published Research Findings Are False-But a Little Replication Goes a Long Way},
	Url = {http://dx.doi.org/10.1371%2Fjournal.pmed.0040028},
	Volume = {4},
	Year = {2007},
	Bdsk-Url-1 = {http://dx.doi.org/10.1371%2Fjournal.pmed.0040028},
	Bdsk-Url-2 = {http://dx.doi.org/10.1371/journal.pmed.0040028}}

@article{Muller1994,
	Author = {M\"uller, R. and B\"uttner, P.},
	Journal = {Statistics in Medicine},
	Pages = {2465-2476},
	Title = {A Critical Discussion of Intraclass Correlation Coefficients},
	Volume = 13,
	Year = 1994}

@article{Muller2002,
	Author = {M. M. Muller and O. Hagner},
	Doi = {10.1049/ip-sen:20020540},
	Issn = {1462-5970},
	Journal = {IEE Proceedings - Software},
	Keywords = {program testing;programming theory;extreme programming;program understanding;regression testing;test-first programming},
	Number = {5},
	Pages = {131-136},
	Title = {Experiment about {Test-First} programming},
	Volume = {149},
	Year = {2002},
	Bdsk-Url-1 = {https://doi.org/10.1049/ip-sen:20020540}}

@article{Muller2007,
	Author = {M{\"u}ller, Matthias M. and H{\"o}fer, Andreas},
	Doi = {10.1007/s10664-007-9048-2},
	Issn = {1573-7616},
	Journal = {Empirical Software Engineering},
	Number = {6},
	Pages = {593--615},
	Title = {The effect of experience on the {Test-Driven Development} process},
	Url = {http://dx.doi.org/10.1007/s10664-007-9048-2},
	Volume = {12},
	Year = {2007},
	Bdsk-Url-1 = {http://dx.doi.org/10.1007/s10664-007-9048-2}}

@inproceedings{Muller2001,
	Author = {M. M. Muller and W. F. Tichy},
	Booktitle = {Proceedings of the 23rd International Conference on Software Engineering, 2001. ICSE 2001},
	Doi = {10.1109/ICSE.2001.919128},
	Issn = {0270-5257},
	Keywords = {computer science education;educational courses;program testing;programming;training;Karlsruhe University;automated testing;case study;coaching;extreme programming;feedback;high-quality code;incremental design;pair programming;small teams;software process;test case writing;training course;Automatic testing;Computer aided software engineering;Computer science;Documentation;Feedback;Guidelines;Inspection;Programming;Software engineering;Writing},
	Month = {May},
	Pages = {537-544},
	Title = {Case study: {Extreme Programming} in a university environment},
	Year = {2001},
	Bdsk-Url-1 = {https://doi.org/10.1109/ICSE.2001.919128}}

@article{Munir,
	Acmid = {2583272},
	Author = {Munir, Hussan and Moayyed, Misagh and Petersen, Kai},
	Doi = {10.1016/j.infsof.2014.01.002},
	Issn = {0950-5849},
	Issue_Date = {April, 2014},
	Journal = {Information and Software Technology},
	Keywords = {External code quality, Internal code quality, Productivity, Test-driven development (TDD), Test-last development (TLD)},
	Number = {4},
	Numpages = {20},
	Pages = {375--394},
	Publisher = {Butterworth-Heinemann},
	Title = {Considering Rigor and Relevance when Evaluating {Test Driven Development}: A Systematic Review},
	Url = {http://dx.doi.org/10.1016/j.infsof.2014.01.002},
	Volume = {56},
	Year = {2014},
	Bdsk-Url-1 = {http://dx.doi.org/10.1016/j.infsof.2014.01.002}}

@inproceedings{Munir2014,
	Acmid = {2601267},
	Articleno = {50},
	Author = {Munir, Hussan and Wnuk, Krzysztof and Petersen, Kai and Moayyed, Misagh},
	Booktitle = {Proceedings of the 18th International Conference on Evaluation and Assessment in Software Engineering},
	Doi = {10.1145/2601248.2601267},
	Isbn = {978-1-4503-2476-2},
	Keywords = {TDD, TLD, internal or external code quality, productivity, test-driven development, test-last development},
	Location = {London, England, United Kingdom},
	Numpages = {10},
	Pages = {50:1--50:10},
	Publisher = {ACM},
	Series = {EASE '14},
	Title = {An Experimental Evaluation of {T}est {D}riven {D}evelopment vs. {T}est-last {D}evelopment with Industry Professionals},
	Url = {http://doi.acm.org/10.1145/2601248.2601267},
	Year = {2014},
	Bdsk-Url-1 = {http://doi.acm.org/10.1145/2601248.2601267},
	Bdsk-Url-2 = {https://doi.org/10.1145/2601248.2601267}}

@article{Nagappan2008,
	Author = {Nagappan, Nachiappan and Maximilien, E. Michael and Bhat, Thirumalesh and Williams, Laurie},
	Doi = {10.1007/s10664-008-9062-z},
	Issn = {1573-7616},
	Journal = {Empirical Software Engineering},
	Number = {3},
	Pages = {289--302},
	Title = {Realizing quality improvement through {Test Driven Development}: results and experiences of four industrial teams},
	Url = {http://dx.doi.org/10.1007/s10664-008-9062-z},
	Volume = {13},
	Year = {2008},
	Bdsk-Url-1 = {http://dx.doi.org/10.1007/s10664-008-9062-z}}

@article{Pancur2011,
	Author = {Matjaz Pancur and Mojca Ciglaric},
	Doi = {http://dx.doi.org/10.1016/j.infsof.2011.02.002},
	Issn = {0950-5849},
	Journal = {Information and Software Technology},
	Keywords = {Iterative test-last development},
	Number = {6},
	Pages = {557 - 573},
	Title = {Impact of {Test-Driven Development} on productivity, code and tests: A controlled experiment},
	Url = {http://www.sciencedirect.com/science/article/pii/S0950584911000346},
	Volume = {53},
	Year = {2011},
	Bdsk-Url-1 = {http://www.sciencedirect.com/science/article/pii/S0950584911000346},
	Bdsk-Url-2 = {http://dx.doi.org/10.1016/j.infsof.2011.02.002}}

@inproceedings{Pancur2003,
	Author = {M. Pancur and M. Ciglaric and M. Trampus and T. Vidmar},
	Booktitle = {The IEEE Region 8 EUROCON 2003. Computer as a Tool},
	Doi = {10.1109/EURCON.2003.1248153},
	Keywords = {object-oriented programming;program testing;software engineering;agile methodologies;empirical evaluation;empirical experimental evaluation;extreme programming;iterative test-last development process;software development technique;test-driven development;university environment;Automatic testing;Information science;Information systems;Internet;Programming profession;Radio access networks;Software engineering;Software systems;Software testing;Writing},
	Month = {Sept},
	Pages = {83-86 vol.2},
	Title = {Towards empirical evaluation of {Test-Driven Development} in a university environment},
	Volume = {2},
	Year = {2003},
	Bdsk-Url-1 = {https://doi.org/10.1109/EURCON.2003.1248153}}

@inproceedings{Petersen2011,
	Author = {K. Petersen and N. B. Ali},
	Booktitle = {2011 International Symposium on Empirical Software Engineering and Measurement},
	Doi = {10.1109/ESEM.2011.46},
	Issn = {1949-3770},
	Keywords = {software engineering;bias reduction;disagreement resolution;evidence based software engineering;study selection strategy identification;systematic reviews;Computer science;Guidelines;Search engines;Software;Software engineering;Systematics;Uncertainty;Evidence based software engineering;inclusion and exclusion;paper selection;systematic reviews},
	Month = {Sept},
	Pages = {351-354},
	Title = {Identifying Strategies for Study Selection in Systematic Reviews and Maps},
	Year = {2011},
	Bdsk-Url-1 = {https://doi.org/10.1109/ESEM.2011.46}}

@inproceedings{Pilar2012,
	Acmid = {2372275},
	Author = {Rodr\'{\i}guez, Pilar and Markkula, Jouni and Oivo, Markku and Turula, Kimmo},
	Booktitle = {Proceedings of the ACM-IEEE International Symposium on Empirical Software Engineering and Measurement},
	Doi = {10.1145/2372251.2372275},
	Isbn = {978-1-4503-1056-7},
	Keywords = {agile, lean, survey},
	Location = {Lund, Sweden},
	Numpages = {10},
	Pages = {139--148},
	Publisher = {ACM},
	Series = {ESEM '12},
	Title = {Survey on Agile and Lean Usage in Finnish Software Industry},
	Url = {http://doi.acm.org/10.1145/2372251.2372275},
	Year = {2012},
	Bdsk-Url-1 = {http://doi.acm.org/10.1145/2372251.2372275},
	Bdsk-Url-2 = {https://doi.org/10.1145/2372251.2372275}}

@article{Rafique2013,
	Author = {Y. Rafique and V. B. Misic},
	Doi = {10.1109/TSE.2012.28},
	Issn = {0098-5589},
	Journal = {IEEE Transactions on Software Engineering},
	Keywords = {program testing;software development management;software quality;TDD;code productivity;code quality;quality improvement;subgroup analysis;systematic meta analysis;test driven development;Computational modeling;Process control;Productivity;Programming;Size measurement;Testing;Test-driven development;agile software development;code quality;meta-analysis;programmer productivity},
	Number = {6},
	Pages = {835-856},
	Title = {The Effects of {Test-Driven Development} on External Quality and Productivity: A Meta-Analysis},
	Volume = {39},
	Year = {2013},
	Bdsk-Url-1 = {https://doi.org/10.1109/TSE.2012.28}}

@article{Rafique,
	Author = {Rafique, Yahya and Misic, Vojislav B},
	Journal = {IEEE Transactions on Software Engineering},
	Number = {6},
	Pages = {835--856},
	Publisher = {IEEE},
	Title = {The effects of {Test-Driven Development} on external quality and productivity: A meta-analysis},
	Volume = {39},
	Year = {2013}}

@inproceedings{Rahman2007,
	Author = {S. M. Rahman},
	Booktitle = {2007 37th Annual Frontiers In Education Conference - Global Engineering: Knowledge Without Borders, Opportunities Without Passports},
	Doi = {10.1109/FIE.2007.4418120},
	Issn = {0190-5848},
	Keywords = {computer science education;educational courses;program testing;software quality;agile method;cultural shift;introductory computer programming course;program development;software development lifecycle;software quality;software testing;students program quality;testing before coding;Computer industry;Computer science;Costs;Cultural differences;Life testing;Programming profession;Software engineering;Software quality;Software testing;Writing;eXtreme Programming;software development method;software quality;software testing},
	Month = {Oct},
	Pages = {T1E-20-T1E-21},
	Title = {Applying the {TBC} method in introductory programming courses},
	Year = {2007},
	Bdsk-Url-1 = {https://doi.org/10.1109/FIE.2007.4418120}}

@inproceedings{Rendell2008,
	Author = {A. Rendell},
	Booktitle = {Agile Conference, 2008. AGILE '08},
	Doi = {10.1109/Agile.2008.45},
	Keywords = {computational linguistics;program testing;software engineering;agile toolbox;post-TDD approach;pragmatic test driven development;project delivery;Customer service;Impedance;Internet;Portals;Programming;Risk management;Scalability;Stability;Telephony;Testing;agile;pragmatic;t-mobile;tdd;valtech experience},
	Month = {Aug},
	Pages = {298-303},
	Title = {Effective and Pragmatic {T}est {D}riven {D}evelopment},
	Year = {2008},
	Bdsk-Url-1 = {https://doi.org/10.1109/Agile.2008.45}}

@article{Ress2013,
	Author = {Ress, Ana Paula AND de Oliveira Moraes, Renato AND Salerno, Mario Sergio},
	Issn = {0718-2724},
	Journal = {{Journal of Technology Management and Innovation}},
	Language = {en},
	Month = {02},
	Pages = {10 - 10},
	Publisher = {scielocl},
	Title = {{Test-Driven Development} as an Innovation Value Chain},
	Url = {http://www.scielo.cl/scielo.php?script=sci_arttext&pid=S0718-27242013000300010&nrm=iso},
	Volume = {8},
	Year = {2013},
	Bdsk-Url-1 = {http://www.scielo.cl/scielo.php?script=sci_arttext&pid=S0718-27242013000300010&nrm=iso}}

@book{Robins2009,
	Author = {Robins, R.W. and Fraley, R.C. and Krueger, R.F.},
	Publisher = {Guilford Publications},
	Title = {Handbook of Research Methods in Personality Psychology},
	Year = 2009}

@book{Salman2014,
	Author = {Salman, Iflaah},
	Publisher = {Master's Thesis. University of Oulu, Finland},
	Title = {Students versus Professionals as Experiment Subjects: An Investigation on the Effectiveness of {TDD} on Code Quality},
	Year = {2014}}

@article{Salo2007,
	Author = {Salo, Outi and Abrahamsson, Pekka},
	Doi = {10.1002/spip.305},
	Issn = {1099-1670},
	Journal = {Software Process: Improvement and Practice},
	Keywords = {software process improvement, SPI, agile software development},
	Number = {1},
	Pages = {81--100},
	Publisher = {John Wiley & Sons, Ltd.},
	Title = {An iterative improvement process for agile software development},
	Url = {http://dx.doi.org/10.1002/spip.305},
	Volume = {12},
	Year = {2007},
	Bdsk-Url-1 = {http://dx.doi.org/10.1002/spip.305}}

@inproceedings{Sanchez2007,
	Author = {J. C. Sanchez and L. Williams and E. M. Maximilien},
	Booktitle = {Agile Conference (AGILE), 2007},
	Doi = {10.1109/AGILE.2007.43},
	Keywords = {Java;program testing;software engineering;IBM;Java-implemented product;TDD;automated tests;code complexity;cyclomatic complexity metric;test-driven development practice;Automatic control;Automatic testing;Computer science;Java;Process design;Production;Productivity;Programming profession;Software testing;Writing},
	Month = {Aug},
	Pages = {5-14},
	Title = {On the Sustained Use of a {Test-Driven Development} Practice at {IBM}},
	Year = {2007},
	Bdsk-Url-1 = {https://doi.org/10.1109/AGILE.2007.43}}

@article{Sfetsos2006,
	Author = {Sfetsos, Panagiotis and Angelis, Lefteris and Stamelos, Ioannis},
	Doi = {10.1007/s10664-006-6404-6},
	Issn = {1573-7616},
	Journal = {Empirical Software Engineering},
	Number = {2},
	Pages = {269--301},
	Title = {Investigating the {Extreme Programming System}--An empirical study},
	Url = {http://dx.doi.org/10.1007/s10664-006-6404-6},
	Volume = {11},
	Year = {2006},
	Bdsk-Url-1 = {http://dx.doi.org/10.1007/s10664-006-6404-6}}

@inproceedings{Sfetsos2010,
	Author = {P. Sfetsos and I. Stamelos},
	Booktitle = {2010 Seventh International Conference on the Quality of Information and Communications Technology},
	Doi = {10.1109/QUATIC.2010.17},
	Keywords = {program testing;software prototyping;software quality;agile practices;pair programming;product quality;systematic literature Review;test first development;Book reviews;IEC standards;ISO standards;Measurement;Programming;Software;Systematics;ISO/IEC 12207;ISO/IEC 9126;agile methods;agile practices;empirical studies;pair programming;quality;systematic literature review;test-driven development;test-first development},
	Month = {Sept},
	Pages = {44-53},
	Title = {Empirical Studies on Quality in Agile Practices: A Systematic Literature Review},
	Year = {2010},
	Bdsk-Url-1 = {https://doi.org/10.1109/QUATIC.2010.17}}

@inproceedings{Sfetsos2015,
	Author = {P. Sfetsos and L. Angelis and I. Stamelos},
	Booktitle = {2015 6th International Conference on Information, Intelligence, Systems and Applications (IISA)},
	Doi = {10.1109/IISA.2015.7388099},
	Keywords = {Unified Modeling Language;program testing;reverse engineering;software maintenance;TDD adaptation;TDRE;UML class-diagrams;code comprehension improvement;complexity prioritization criteria;cumulative voting method;dependency prioritization criteria;hierarchical test-cases;importance prioritization criteria;prioritized test-driven software reverse engineering process;test-driven development;two-layer prioritization process;Complexity theory;Fault detection;Reverse engineering;Software;Software engineering;Testing;Unified modeling language;Cumulative Voting;Prioritization;Reverse Engineering;Test Driven Development;UML class-diagram},
	Month = {July},
	Pages = {1-6},
	Title = {Prioritized {Test-Driven} reverse engineering process: A case study},
	Year = {2015},
	Bdsk-Url-1 = {https://doi.org/10.1109/IISA.2015.7388099}}

@article{Sherrell2006,
	Acmid = {1181927},
	Address = {USA},
	Author = {Sherrell, Linda B. and Robertson, Jeff J.},
	Issn = {1937-4771},
	Issue_Date = {December 2006},
	Journal = {J. Comput. Sci. Coll.},
	Number = {2},
	Numpages = {9},
	Pages = {145--153},
	Publisher = {Consortium for Computing Sciences in Colleges},
	Title = {Pair Programming and Agile Software Development: Experiences in a College Setting},
	Url = {http://dl.acm.org/citation.cfm?id=1181901.1181927},
	Volume = {22},
	Year = {2006},
	Bdsk-Url-1 = {http://dl.acm.org/citation.cfm?id=1181901.1181927}}

@article{Shull2010,
	Author = {F. Shull and G. Melnik and B. Turhan and L. Layman and M. Diep and H. Erdogmus},
	Doi = {10.1109/MS.2010.152},
	Issn = {0740-7459},
	Journal = {IEEE Software},
	Keywords = {program testing;software maintenance;software quality;code development;code quality;code refactoring;software development;test driven development;Software engineering;Testing;software engineering},
	Month = {Nov},
	Number = {6},
	Pages = {16-19},
	Title = {What Do We Know about Test-Driven Development?},
	Volume = {27},
	Year = {2010},
	Bdsk-Url-1 = {https://doi.org/10.1109/MS.2010.152}}

@inproceedings{Singer1999,
	Author = {Singer, Janice},
	Booktitle = {Proceedings of Workshop on Empirical Studies in Software Maintenance},
	Pages = {71--75},
	Title = {Using the American Psychological Association (APA) style guidelines to report experimental results},
	Year = {1999}}

@inproceedings{Siniaalto2007,
	Author = {M. Siniaalto and P. Abrahamsson},
	Booktitle = {First International Symposium on Empirical Software Engineering and Measurement},
	Doi = {10.1109/ESEM.2007.35},
	Issn = {1949-3770},
	Keywords = {object-oriented programming;program testing;software maintenance;software metrics;object-oriented metrics;program design;program test coverage;software design;software development project;software maintainability;source code;test-driven development;Application software;Functional programming;NASA;Scattering;Security;Software design;Software engineering;Software measurement;Software testing;System testing},
	Month = {Sept},
	Pages = {275-284},
	Series = {ESEM 2007},
	Title = {A Comparative Case Study on the Impact of {Test-Driven Development} on Program Design and Test Coverage},
	Year = {2007},
	Bdsk-Url-1 = {https://doi.org/10.1109/ESEM.2007.35}}

@inproceedings{Siniaalto2008,
	Author = {Siniaalto, Maria and Abrahamsson, Pekka},
	Booktitle = {Balancing Agility and Formalism in Software Engineering},
	Doi = {10.1007/978-3-540-85279-7_12},
	Isbn = {978-3-540-85279-7},
	Pages = {143--156},
	Publisher = {Springer Berlin Heidelberg},
	Title = {Does {Test-Driven Development} Improve the Program Code? Alarming Results from a Comparative Case Study},
	Url = {http://dx.doi.org/10.1007/978-3-540-85279-7_12},
	Year = {2008},
	Bdsk-Url-1 = {http://dx.doi.org/10.1007/978-3-540-85279-7_12}}

@inproceedings{Slyngstad2008,
	Author = {O. P. N. Slyngstad and J. Li and R. Conradi and H. Ronneberg and E. Landre and H. Wesenberg},
	Booktitle = {The Third International Conference on Software Engineering Advances, 2008. ICSEA '08.},
	Doi = {10.1109/ICSEA.2008.8},
	Keywords = {program testing;software reusability;fast feedback;improved quality assurance;industrial case study;low-level software design;lower defect density;nonreusable software development;reduced mean defect density;reusable framework;software engineering technique;task-oriented development;test driven development;Application software;Computer industry;Feedback;Information science;Productivity;Programming;Quality assurance;Software design;Software engineering;Software testing},
	Month = {Oct},
	Pages = {214-223},
	Title = {The Impact of {Test Driven Development} on the Evolution of a Reusable Framework of Components -- {A}n Industrial Case Study},
	Year = {2008},
	Bdsk-Url-1 = {https://doi.org/10.1109/ICSEA.2008.8}}

@inproceedings{Spacco2006,
	Acmid = {1176743},
	Author = {Spacco, Jaime and Pugh, William},
	Booktitle = {Companion to the 21st ACM SIGPLAN Symposium on Object-oriented Programming Systems, Languages, and Applications},
	Doi = {10.1145/1176617.1176743},
	Isbn = {1-59593-491-X},
	Keywords = {computer science education, marmoset, tdd, test-driven development},
	Location = {Portland, Oregon, USA},
	Numpages = {7},
	Pages = {907--913},
	Publisher = {ACM},
	Series = {OOPSLA '06},
	Title = {Helping Students Appreciate {T}est-driven {D}evelopment ({TDD})},
	Url = {http://doi.acm.org/10.1145/1176617.1176743},
	Year = {2006},
	Bdsk-Url-1 = {http://doi.acm.org/10.1145/1176617.1176743},
	Bdsk-Url-2 = {https://doi.org/10.1145/1176617.1176743}}

@article{Turnu2006,
	Author = {Ivana Turnu and Marco Melis and Alessandra Cau and Alessio Setzu and Giulio Concas and Katiuscia Mannaro},
	Doi = {http://dx.doi.org/10.1016/j.sysarc.2006.06.005},
	Issn = {1383-7621},
	Journal = {Journal of Systems Architecture},
	Keywords = {Test driven development},
	Number = {11},
	Pages = {610 - 618},
	Title = {Modeling and simulation of open source development using an agile practice},
	Url = {http://www.sciencedirect.com/science/article/pii/S1383762106000634},
	Volume = {52},
	Year = {2006},
	Bdsk-Url-1 = {http://www.sciencedirect.com/science/article/pii/S1383762106000634},
	Bdsk-Url-2 = {http://dx.doi.org/10.1016/j.sysarc.2006.06.005}}

@article{Tichy1998,
	Author = {W. F. Tichy},
	Doi = {10.1109/2.675631},
	Issn = {0018-9162},
	Journal = {Computer},
	Keywords = {DP industry;computer science;company;competition;computer science;computer scientists;experimentation;software industry;Brain modeling;Computer aided manufacturing;Computer science;Humans;Immune system;Laser modes;Laser theory;Nervous system;Probability;Testing},
	Number = {5},
	Pages = {32-40},
	Title = {Should computer scientists experiment more?},
	Volume = {31},
	Year = {1998},
	Bdsk-Url-1 = {https://doi.org/10.1109/2.675631}}

@inproceedings{Wasmus2007,
	Author = {Wasmus, Hans and Gross, Hans-Gerhard},
	Booktitle = {Second International Conference on Evaluation of Novel Approaches to Software Engineering, ENASE},
	Title = {Evaluation of {Test-Driven Development}: An Industrial Case Study},
	Year = {2007}}

@article{Wilkerson2012,
	Author = {J. W. Wilkerson and J. F. Nunamaker and R. Mercer},
	Doi = {10.1109/TSE.2011.46},
	Issn = {0098-5589},
	Journal = {IEEE Transactions on Software Engineering},
	Keywords = {program testing;system recovery;code inspection;defect reduction benefits;junior computer science students;programming assignment;quasi experiment;senior computer science students;software defect rates;software defect reduction;test driven development;Inspection;Java;Programming profession;Software;Testing;Writing;Agile programming;code inspections and walk throughs;empirical study.;reliability;test-driven development;testing strategies},
	Number = {3},
	Pages = {547-560},
	Title = {Comparing the Defect Reduction Benefits of Code Inspection and {Test-Driven Development}},
	Volume = {38},
	Year = {2012},
	Bdsk-Url-1 = {https://doi.org/10.1109/TSE.2011.46}}

@inproceedings{Williams2003,
	Author = {L. Williams and E. M. Maximilien and M. Vouk},
	Booktitle = {14th International Symposium on Software Reliability Engineering, ISSRE 2003.},
	Doi = {10.1109/ISSRE.2003.1251029},
	Issn = {1071-9458},
	Keywords = {Unified Modeling Language;formal verification;program testing;regression analysis;IBM;UML design;automated test cases;defect-reduction practice;extreme programming software development;functional verification;production code;regression test;software development practice;test-driven development;Automatic testing;Computer science;NASA;Production;Productivity;Programming;Radio access networks;Software testing;Unified modeling language;Writing},
	Month = {Nov},
	Pages = {34-45},
	Title = {{Test-Driven Development} as a defect-reduction practice},
	Year = {2003},
	Bdsk-Url-1 = {https://doi.org/10.1109/ISSRE.2003.1251029}}

@incollection{Xu2009,
	Address = {Berlin, Heidelberg},
	Author = {Xu, Shaochun and Li, Tong},
	Booktitle = {Software Engineering Research, Management and Applications 2009},
	Doi = {10.1007/978-3-642-05441-9_20},
	Isbn = {978-3-642-05441-9},
	Pages = {229--238},
	Publisher = {Springer},
	Title = {Evaluation of {Test-Driven Development}: An Academic Case Study},
	Url = {http://dx.doi.org/10.1007/978-3-642-05441-9_20},
	Year = {2009},
	Bdsk-Url-1 = {http://dx.doi.org/10.1007/978-3-642-05441-9_20}}

@inproceedings{Yenduri2006,
	Author = {Yenduri, Sumanth and Perkins, Louise A},
	Booktitle = {Software Engineering Research and Practice},
	Pages = {126--129},
	Title = {Impact of Using {Test-Driven Development}: A Case Study.},
	Year = {2006}}

@inproceedings{Ynchausti2001,
	Author = {Ynchausti, Randy A},
	Booktitle = {XP 2001: Proceedings of the 2nd International Conference on Extreme Programming and Flexible Processes in Software Engineering, Sardinia, Italy},
	Pages = {84--87},
	Title = {Integrating unit testing into a software development team's process},
	Year = {2001}}

@inproceedings{Zhang2006,
	Author = {Zhang, Lei and Akifuji, Shunsuke and Kawai, Katsumi and Morioka, Tsuyoshi},
	Booktitle = {Extreme Programming and Agile Processes in Software Engineering: 7th International Conference, XP 2006, Oulu, Finland, June 17-22, 2006. Proceedings},
	Doi = {10.1007/11774129_29},
	Isbn = {978-3-540-35095-8},
	Pages = {211--212},
	Publisher = {Springer Berlin Heidelberg},
	Title = {Comparison Between {Test Driven Development} and {Waterfall Development} in a {Small-Scale} Project},
	Url = {http://dx.doi.org/10.1007/11774129_29},
	Year = {2006},
	Bdsk-Url-1 = {http://dx.doi.org/10.1007/11774129_29}}

@article{Bissi2016,
	Author = {Wilson Bissi and Adolfo Gustavo Serra Seca Neto and Maria Claudia Figueiredo Pereira Emer},
	Doi = {http://dx.doi.org/10.1016/j.infsof.2016.02.004},
	Issn = {0950-5849},
	Journal = {Information and Software Technology},
	Keywords = {Systematic review},
	Pages = {45 - 54},
	Title = {The effects of {Test Driven Development} on internal quality, external quality and productivity: A systematic review},
	Url = {http://www.sciencedirect.com/science/article/pii/S0950584916300222},
	Volume = {74},
	Year = {2016},
	Bdsk-Url-1 = {http://www.sciencedirect.com/science/article/pii/S0950584916300222},
	Bdsk-Url-2 = {http://dx.doi.org/10.1016/j.infsof.2016.02.004}}

@inproceedings{Makinen2014,
	Author = {M{\"a}kinen, Simo and M{\"u}nch, J{\"u}rgen},
	Booktitle = {Software Quality. Model-Based Approaches for Advanced Software and Systems Engineering: 6th International Conference, SWQD 2014, Vienna, Austria, January 14-16, 2014. Proceedings},
	Doi = {10.1007/978-3-319-03602-1_10},
	Isbn = {978-3-319-03602-1},
	Pages = {155--169},
	Publisher = {Springer International Publishing},
	Title = {Effects of {Test-Driven Development}: A Comparative Analysis of Empirical Studies},
	Url = {http://dx.doi.org/10.1007/978-3-319-03602-1_10},
	Year = {2014},
	Bdsk-Url-1 = {http://dx.doi.org/10.1007/978-3-319-03602-1_10}}

@inproceedings{Causevic2011,
	Author = {A. Causevic and D. Sundmark and S. Punnekkat},
	Booktitle = {2011 Fourth IEEE International Conference on Software Testing, Verification and Validation},
	Doi = {10.1109/ICST.2011.19},
	Issn = {2159-4848},
	Keywords = {program testing;software maintenance;software prototyping;agile software development;industrial adoption;legacy code;test driven development;Data mining;Databases;Limiting;Programming;Protocols;Systematics;Testing;Test driven developmen;agile software development;empirical studies;systematic review;unit testing},
	Month = {March},
	Pages = {337-346},
	Title = {Factors Limiting Industrial Adoption of {Test Driven Development}: A Systematic Review},
	Year = {2011},
	Bdsk-Url-1 = {https://doi.org/10.1109/ICST.2011.19}}

@incollection{Turhan2010,
	Author = {Turhan, Burak and Layman, Lucas and Diep, Madeline and Erdogmus, Hakan and Shull, Forrest},
	Booktitle = {Making Software: What Really Works, and Why We Believe It},
	Pages = {207--217},
	Publisher = {OReilly Press},
	Title = {How effective is {Test-Driven Development}},
	Year = {2010}}

@misc{BSKinternet,
	Howpublished = {\url{http://butunclebob.com/ArticleS.UncleBob.TheBowlingGameKata}},
	Note = {Accessed: 2016-08-01},
	Title = {TheBowlingGameKata}}

@book{BSK,
	Author = {Martin, CR},
	Publisher = {Prentice Hall},
	Title = {Advanced Principles, Patterns and Process of Software Development},
	Year = {2001}}

@inproceedings{Romano2016,
	Acmid = {2915996},
	Articleno = {10},
	Author = {Romano, Simone and Fucci, Davide and Scanniello, Giuseppe and Turhan, Burak and Juristo, Natalia},
	Booktitle = {Proceedings of the 20th International Conference on Evaluation and Assessment in Software Engineering},
	Doi = {10.1145/2915970.2915996},
	Isbn = {978-1-4503-3691-8},
	Keywords = {Ethnographically-informed Study, Qualitative Study, Test Driven Development},
	Location = {Limerick, Ireland},
	Numpages = {10},
	Pages = {10:1--10:10},
	Publisher = {ACM},
	Series = {EASE '16},
	Title = {Results from an Ethnographically-informed Study in the Context of {Test Driven Development}},
	Url = {http://doi.acm.org/10.1145/2915970.2915996},
	Year = {2016},
	Bdsk-Url-1 = {http://doi.acm.org/10.1145/2915970.2915996},
	Bdsk-Url-2 = {https://doi.org/10.1145/2915970.2915996}}

@inproceedings{Hilton2016,
	Author = {Hilton, Michael and Nelson, Nicholas and McDonald, Hugh and McDonald, Sean and Metoyer, Ron and Dig, Danny},
	Booktitle = {Agile Processes, in Software Engineering, and Extreme Programming: 17th International Conference, XP 2016, Edinburgh, UK, May 24-27, 2016, Proceedings},
	Doi = {10.1007/978-3-319-33515-5_5},
	Isbn = {978-3-319-33515-5},
	Pages = {53--65},
	Publisher = {Springer International Publishing},
	Title = {{TDDViz}: Using Software Changes to Understand Conformance to {Test Driven Development}},
	Url = {http://dx.doi.org/10.1007/978-3-319-33515-5_5},
	Year = {2016},
	Bdsk-Url-1 = {http://dx.doi.org/10.1007/978-3-319-33515-5_5}}

@inproceedings{Pavese2014,
	Author = {Pavese, F.},
	Booktitle = {European Network for Business and Industrial Statistics pre-Conference Workshop on "Measuring Uncertainty in the GUM (VIM) vs ISO 5725 (ISO 3534) Approaches: Which Statistical Viewpoint to Choose?},
	Series = {ENBIS-15},
	Title = {{ISO} 5725:1994},
	Url = {http://www.enbis.org/eventdocs/389/iso_57251994},
	Year = {2009},
	Bdsk-Url-1 = {http://www.enbis.org/eventdocs/389/iso_57251994}}

@inproceedings{Peters2014,
	Author = {Peters, Henrik and Knieke, Christoph and Brox, Oliver and Jauns-Seyfried, Stefanie and Kr{\"a}mer, Michael and Schulze, Andreas},
	Booktitle = {Agile Processes in Software Engineering and Extreme Programming: 15th International Conference, XP 2014, Rome, Italy, May 26-30, 2014. Proceedings},
	Doi = {10.1007/978-3-319-06862-6_23},
	Isbn = {978-3-319-06862-6},
	Pages = {294--301},
	Publisher = {Springer International Publishing},
	Title = {A {Test-Driven Approach for Model-Based Development} of Powertrain Functions},
	Url = {http://dx.doi.org/10.1007/978-3-319-06862-6_23},
	Year = {2014},
	Bdsk-Url-1 = {http://dx.doi.org/10.1007/978-3-319-06862-6_23}}

@article{Pfleeger1995,
	Author = {Pfleeger, Shari Lawrence},
	Doi = {10.1007/BF02249052},
	Issn = {1573-7489},
	Journal = {Annals of Software Engineering},
	Number = {1},
	Pages = {219--253},
	Title = {Experimental design and analysis in software engineering},
	Url = {http://dx.doi.org/10.1007/BF02249052},
	Volume = {1},
	Year = {1995},
	Bdsk-Url-1 = {http://dx.doi.org/10.1007/BF02249052}}

@inproceedings{Shelton2012,
	Author = {W. Shelton and N. Li and P. Ammann and J. Offutt},
	Booktitle = {2012 IEEE Fifth International Conference on Software Testing, Verification and Validation},
	Doi = {10.1109/ICST.2012.191},
	Issn = {2159-4848},
	Keywords = {fault diagnosis;object-oriented methods;program testing;software fault tolerance;software quality;TDD development process;TDD practitioners;TDD test;criteria-based test;example-based unit tests;mutation analysis;software design decisions;software fault detection;software intended functionality;software testing;test driven development;Java;Programming;Rhythm;Software;Software testing;Writing},
	Month = {April},
	Pages = {878-886},
	Title = {Adding Criteria-Based Tests to {Test Driven Development}},
	Year = {2012},
	Bdsk-Url-1 = {https://doi.org/10.1109/ICST.2012.191}}

@inproceedings{Percival2013,
	Author = {J. Percival and N. Harrison},
	Booktitle = {2013 46th Hawaii International Conference on System Sciences (HICSS)},
	Doi = {10.1109/HICSS.2013.175},
	Issn = {1530-1605},
	Keywords = {Educational institutions;Error analysis;Software;Software engineering;Writing},
	Month = {Jan},
	Pages = {4800-4809},
	Title = {Developer Perceptions of Process Desirability: {Test Driven Development and Cleanroom Compared}},
	Year = {2013},
	Bdsk-Url-1 = {https://doi.org/10.1109/HICSS.2013.175}}

@inproceedings{Selby2007,
	Author = {Selby, Richard W.},
	Booktitle = {Empirical Software Engineering Issues. Critical Assessment and Future Directions: International Workshop, Dagstuhl Castle, Germany, June 26-30, 2006. Revised Papers},
	Doi = {10.1007/978-3-540-71301-2_54},
	Isbn = {978-3-540-71301-2},
	Pages = {184--187},
	Publisher = {Springer Berlin Heidelberg},
	Title = {Empirical Software Engineering Research Roadmap Discussion and Summary},
	Url = {http://dx.doi.org/10.1007/978-3-540-71301-2_54},
	Year = {2007},
	Bdsk-Url-1 = {http://dx.doi.org/10.1007/978-3-540-71301-2_54}}

@article{Sjoeberg2005,
	Author = {D. I. K. Sjoeberg and J. E. Hannay and O. Hansen and V. B. Kampenes and A. Karahasanovic and N. K. Liborg and A. C. Rekdal},
	Doi = {10.1109/TSE.2005.97},
	Issn = {0098-5589},
	Journal = {IEEE Transactions on Software Engineering},
	Keywords = {software engineering;controlled experiment survey;scientific articles;software engineering;Application software;Computer Society;Computer industry;Conference proceedings;Programming;Recruitment;Software engineering;Software maintenance;Software metrics;Software systems;Index Terms- Controlled experiments;empirical software engineering.;research methodology;survey},
	Number = {9},
	Pages = {733-753},
	Title = {A survey of controlled experiments in software engineering},
	Volume = {31},
	Year = {2005},
	Bdsk-Url-1 = {https://doi.org/10.1109/TSE.2005.97}}

@inproceedings{Sjoberg2002,
	Author = {D. I. K. Sjoberg and B. Anda and E. Arisholm and T. Dyba and M. Jorgensen and A. Karahasanovic and E. F. Koren and M. Vokac},
	Booktitle = {Proceedings International Symposium on Empirical Software Engineering},
	Doi = {10.1109/ISESE.2002.1166921},
	Keywords = {consultancies;software engineering;technology transfer;case studies;consultancy companies;empirical software engineering research;industrial applications;realistic experiments;software professional;technology transfer;Application software;Computer industry;Glass;Hardware;Laboratories;Programming;Software engineering;Software maintenance;Technology transfer;Telephony},
	Pages = {17-26},
	Title = {Conducting realistic experiments in software engineering},
	Year = {2002},
	Bdsk-Url-1 = {https://doi.org/10.1109/ISESE.2002.1166921}}

@book{Trochim2006,
	Author = {Trochim, W. and Donnelly, J.P.},
	Isbn = {9781592602919},
	Publisher = {Cengage Learning},
	Title = {The Research Methods Knowledge Base},
	Url = {https://books.google.es/books?id=097mAAAACAAJ},
	Year = {2006},
	Bdsk-Url-1 = {https://books.google.es/books?id=097mAAAACAAJ}}

@inproceedings{Mondal2014,
	Author = {Mondal, Sayani and Das, Partha Pratim},
	Booktitle = {Emerging Trends in Computing and Communication: ETCC 2014, March 22-23, 2014},
	Doi = {10.1007/978-81-322-1817-3_24},
	Isbn = {978-81-322-1817-3},
	Pages = {225--233},
	Publisher = {Springer India},
	Title = {Effectiveness of {Test-Driven Development} as an {SDLC Model: A }Case Study of an Elevator Controller Design},
	Url = {http://dx.doi.org/10.1007/978-81-322-1817-3_24},
	Year = {2014},
	Bdsk-Url-1 = {http://dx.doi.org/10.1007/978-81-322-1817-3_24}}

@inproceedings{Cauevic2013,
	Author = {A. Cauevic and S. Punnekkat and D. Sundmark},
	Booktitle = {2013 39th Euromicro Conference on Software Engineering and Advanced Applications},
	Doi = {10.1109/SEAA.2013.47},
	Issn = {1089-6503},
	Keywords = {program testing;software prototyping;TDDHQ;agile practice;equivalence partitioning test design technique;negative tests;positive test bias effects;test case design improvement;test driven development;testing quality;Educational institutions;Programming;Robustness;Software;Standards;Testing;Writing},
	Month = {Sept},
	Pages = {33-36},
	Title = {{TDDHQ}: Achieving Higher Quality Testing in {T}est {D}riven {D}evelopment},
	Year = {2013},
	Bdsk-Url-1 = {https://doi.org/10.1109/SEAA.2013.47}}

@article{Aniche2015,
	Abstract = {Developers commonly affirm that writing unit tests improve internal quality of a software, besides a more obvious effect on external quality. This is particularly common among Test-Driven Development (TDD) pactitioners, who leverage the acting of writing tests to think about and improve class design. However, it is not clear how this effect occurs.},
	Author = {Aniche, Maur{\'\i}cio and Gerosa, Marco Aur{\'e}lio},
	Doi = {10.1186/s13173-015-0034-z},
	Issn = {1678-4804},
	Journal = {Journal of the Brazilian Computer Society},
	Number = {1},
	Pages = {15},
	Title = {Does test-driven development improve class design? A qualitative study on developers' perceptions},
	Url = {http://dx.doi.org/10.1186/s13173-015-0034-z},
	Volume = {21},
	Year = {2015},
	Bdsk-Url-1 = {http://dx.doi.org/10.1186/s13173-015-0034-z}}

@article{Wieringa2015,
	Author = {Roel Wieringa and Maya Daneva},
	Doi = {http://dx.doi.org/10.1016/j.scico.2014.11.013},
	Issn = {0167-6423},
	Journal = {Science of Computer Programming},
	Keywords = {Statistical inference},
	Pages = {136 - 152},
	Title = {Six strategies for generalizing software engineering theories},
	Url = {http://www.sciencedirect.com/science/article/pii/S0167642314005450},
	Volume = {101},
	Year = {2015},
	Bdsk-Url-1 = {http://www.sciencedirect.com/science/article/pii/S0167642314005450},
	Bdsk-Url-2 = {http://dx.doi.org/10.1016/j.scico.2014.11.013}}

@inproceedings{Vu2009,
	Author = {J. H. Vu and N. Frojd and C. Shenkel-Therolf and D. S. Janzen},
	Booktitle = {2009 Sixth International Conference on Information Technology: New Generations},
	Doi = {10.1109/ITNG.2009.11},
	Keywords = {computer science education;program testing;software engineering;agile development process;industry-sponsored capstone project;production code;software engineering capstone course;team motivation;test-driven development;test-first methodology;test-last methodology;undergraduate students;Automatic testing;Computer industry;Information technology;Production;Programming profession;Software design;Software engineering;Software maintenance;Software quality;Software testing;Test- First methodology;Test-Driven Development (TDD);Test-Last methodology;capstone project;software engineering},
	Month = {April},
	Pages = {229-234},
	Title = {Evaluating {Test-Driven Development} in an Industry-Sponsored Capstone Project},
	Year = {2009},
	Bdsk-Url-1 = {https://doi.org/10.1109/ITNG.2009.11}}

@inbook{Jedlitschka08,
	Abstract = {Background: One major problem for integrating study results into a common body of knowledge is the heterogeneity of reporting styles: (1) It is difficult to locate relevant information and (2) important information is often missing.},
	Address = {London},
	Author = {Jedlitschka, Andreas and Ciolkowski, Marcus and Pfahl, Dietmar},
	Booktitle = {Guide to Advanced Empirical Software Engineering},
	Doi = {10.1007/978-1-84800-044-5_8},
	Editor = {Shull, Forrest and Singer, Janice and Sj{\o}berg, Dag I. K.},
	Isbn = {978-1-84800-044-5},
	Pages = {201--228},
	Publisher = {Springer London},
	Title = {Reporting Experiments in Software Engineering},
	Url = {https://doi.org/10.1007/978-1-84800-044-5_8},
	Year = {2008},
	Bdsk-Url-1 = {https://doi.org/10.1007/978-1-84800-044-5_8}}

@article{Kitchenham02,
	Author = {B. A. Kitchenham and S. L. Pfleeger and L. M. Pickard and P. W. Jones and D. C. Hoaglin and K. El Emam and J. Rosenberg},
	Doi = {10.1109/TSE.2002.1027796},
	Issn = {0098-5589},
	Journal = {IEEE Transactions on Software Engineering},
	Keywords = {software engineering;software engineering;software researchers;Computer Society;Computer science;Data analysis;Guidelines;Laboratories;Software engineering;Software performance;Software standards;Statistics;Surgery},
	Month = {Aug},
	Number = {8},
	Pages = {721-734},
	Title = {Preliminary guidelines for empirical research in software engineering},
	Volume = {28},
	Year = {2002},
	Bdsk-Url-1 = {https://doi.org/10.1109/TSE.2002.1027796}}

@article{Shaw,
	Author = {Shaw, Mary},
	Journal = {IEEE Software},
	Number = {6},
	Pages = {15--24},
	Publisher = {IEEE},
	Title = {Prospects for an engineering discipline of software},
	Volume = {7},
	Year = {1990}}

@article{ShawCont,
	Author = {Shaw, Mary},
	Journal = {IEEE Software},
	Number = {6},
	Pages = {64--67},
	Publisher = {IEEE},
	Title = {Continuing prospects for an engineering discipline of software},
	Volume = {26},
	Year = {2009}}

@book{Davies1993,
	Author = {Davies, Paul},
	Publisher = {Simon and Schuster},
	Title = {Mind of God: The Scientific Basis for a Rational World},
	Year = {1993}}

@book{Bunge,
	Author = {Mario Bunge},
	Publisher = {Siglo XXI},
	Title = {Buscar la filosof\'{\i}a en las ciencias sociales},
	Year = 1999}

@book{Neuman2002,
	Author = {Neuman, Lawrence W},
	Publisher = {Pearson Education Limited},
	Title = {Social research methods: Qualitative and quantitative approaches},
	Year = {2002}}

@manual{iso9126-1,
	Author = {ISO},
	Title = {ISO/IEC 9126-1: Information Technology - Software product quality - Part 1: Quality model},
	Year = 2000}

@manual{iso25010,
	Author = {ISO},
	Title = {ISO/IEC 25010: Systems and software engineering -- Systems and software Quality Requirements and Evaluation (SQuaRE) -- System and software quality models},
	Year = 2011}

@misc{dieste.2024,
      title={The role of slicing in test-driven development}, 
      author={Oscar Dieste and Ayse Tosun and Sira Vegas and Adrian Santos and Fernando Uyaguari and Jarno Kyykka and Natalia Juristo},
      year={2024},
      eprint={2407.13258},
      archivePrefix={arXiv},
      primaryClass={cs.SE},
      url={https://arxiv.org/abs/2407.13258}, 
}