%% This BibTeX bibliography file was created using BibDesk.
%% https://bibdesk.sourceforge.io/

%% Created for Oscar Dieste at 2022-06-25 19:45:25 +0200 


%% Saved with string encoding Unicode (UTF-8) 

@article{oliveira2018android,
  title={Do android developers neglect error handling? a maintenance-centric study on the relationship between android abstractions and uncaught exceptions},
  author={Oliveira, Juliana and Borges, Deise and Silva, Thaisa and Cacho, Nelio and Castor, Fernando},
  journal={Journal of Systems and Software},
  volume={136},
  pages={1--18},
  year={2018},
  publisher={Elsevier}
}

@article{ebert2015exploratory,
  title={An exploratory study on exception handling bugs in Java programs},
  author={Ebert, Felipe and Castor, Fernando and Serebrenik, Alexander},
  journal={Journal of Systems and Software},
  volume={106},
  pages={82--101},
  year={2015},
  publisher={Elsevier}
}

@article{salman2023confirmation,
  title={Confirmation Bias and Time Pressure: A Family of Experiments in Software Testing},
  author={Salman, Iflaah and Turhan, Burak and Rama{\v{c}}, Robert and Mandi{\'c}, Vladimir},
  journal={IEEE Transactions on Software Engineering},
  volume={49},
  number={12},
  pages={5203--5222},
  year={2023},
  publisher={IEEE}
}

@article{Karac-2018-What-Do-We-Really-Know-TDD,
	author = {Karac, Itir and Turhan, Burak},
	doi = {10.1109/MS.2018.2801554},
	journal = {IEEE Software},
	number = {4},
	pages = {81-85},
	title = {What Do We (Really) Know about Test-Driven Development?},
	volume = {35},
	year = {2018},
	bdsk-url-1 = {https://doi.org/10.1109/MS.2018.2801554}}

@article{Jones-2004-TDD-Goes-School,
	address = {Evansville, IN, USA},
	author = {Jones, Christopher G.},
	issn = {1937-4771},
	issue_date = {October 2004},
	journal = {J. Comput. Sci. Coll.},
	month = {oct},
	number = {1},
	numpages = {12},
	pages = {220--231},
	publisher = {Consortium for Computing Sciences in Colleges},
	title = {Test-Driven Development Goes to School},
	volume = {20},
	year = {2004}}

@inproceedings{Yahya-2014-TDD-contribution-universities,
	author = {Yahya, Norzariyah and Awang Abu Bakar, Normi Sham},
	booktitle = {The 5th International Conference on Information and Communication Technology for The Muslim World (ICT4M)},
	doi = {10.1109/ICT4M.2014.7020666},
	pages = {1-6},
	title = {Test driven development contribution in universities in producing quality software: A systematic review},
	year = {2014},
	bdsk-url-1 = {https://doi.org/10.1109/ICT4M.2014.7020666}}

@inproceedings{Sfetsos-2010-Empirical-Studies-Quality-Agile-SLR,
	author = {Sfetsos, Panagiotis and Stamelos, Ioannis},
	booktitle = {2010 Seventh International Conference on the Quality of Information and Communications Technology},
	doi = {10.1109/QUATIC.2010.17},
	pages = {44-53},
	title = {Empirical Studies on Quality in Agile Practices: A Systematic Literature Review},
	year = {2010},
	bdsk-url-1 = {https://doi.org/10.1109/QUATIC.2010.17}}

@inproceedings{Ghafari-2020-WhY-Research-TDD-Inconclusive,
	address = {New York, NY, USA},
	articleno = {25},
	author = {Ghafari, Mohammad and Gross, Timm and Fucci, Davide and Felderer, Michael},
	booktitle = {Proceedings of the 14th ACM / IEEE International Symposium on Empirical Software Engineering and Measurement (ESEM)},
	doi = {10.1145/3382494.3410687},
	isbn = {9781450375801},
	keywords = {threats to validity, industry-academia collaboration, literature review, empirical software engineering, TDD, test-first, Test-Driven Development},
	location = {Bari, Italy},
	numpages = {10},
	publisher = {Association for Computing Machinery},
	series = {ESEM '20},
	title = {Why Research on Test-Driven Development is Inconclusive?},
	url = {https://doi.org/10.1145/3382494.3410687},
	year = {2020},
	bdsk-url-1 = {https://doi.org/10.1145/3382494.3410687}}

@inproceedings{Hammond-2012-TDD-State-Practice,
	address = {New York, NY, USA},
	author = {Hammond, Susan and Umphress, David},
	booktitle = {Proceedings of the 50th Annual Southeast Regional Conference},
	doi = {10.1145/2184512.2184550},
	isbn = {9781450312035},
	keywords = {test-driven development, agile software development},
	location = {Tuscaloosa, Alabama},
	numpages = {6},
	pages = {158--163},
	publisher = {Association for Computing Machinery},
	series = {ACM-SE '12},
	title = {Test Driven Development: The State of the Practice},
	url = {https://doi.org/10.1145/2184512.2184550},
	year = {2012},
	bdsk-url-1 = {https://doi.org/10.1145/2184512.2184550}}

@article{Desai-2008-Survey-Evidence-TDD,
	address = {New York, NY, USA},
	author = {Desai, Chetan and Janzen, David and Savage, Kyle},
	doi = {10.1145/1383602.1383644},
	issn = {0097-8418},
	issue_date = {June 2008},
	journal = {SIGCSE Bull.},
	keywords = {empirical survey, pedagogy, test-driven development},
	month = {jun},
	number = {2},
	numpages = {5},
	pages = {97--101},
	publisher = {Association for Computing Machinery},
	title = {A Survey of Evidence for Test-Driven Development in Academia},
	url = {https://doi.org/10.1145/1383602.1383644},
	volume = {40},
	year = {2008},
	bdsk-url-1 = {https://doi.org/10.1145/1383602.1383644}}

@inproceedings{Makinen-2014-Effects-TDD,
	address = {Cham},
	author = {M{\"a}kinen, Simo and M{\"u}nch, J{\"u}rgen},
	booktitle = {Software Quality. Model-Based Approaches for Advanced Software and Systems Engineering},
	editor = {Winkler, Dietmar and Biffl, Stefan and Bergsmann, Johannes},
	isbn = {978-3-319-03602-1},
	pages = {155--169},
	publisher = {Springer International Publishing},
	title = {Effects of Test-Driven Development: A Comparative Analysis of Empirical Studies},
	year = {2014}}

@inbook{Turhan-2010-How-EI-TDD,
	author = {Turhan, Burak and Layman, Lucas and Diep, Madeline and Shull, Forrest and Erdogmus, Hakan},
	booktitle = {Making Software},
	month = {10},
	pages = {45-55},
	publisher = {O Reilly Media},
	title = {How Effective is Test Driven Development},
	year = {2010}}
	
@inproceedings{Kollanus-2010-TDD-promising-approach,
	author = {S. {Kollanus}},
	booktitle = {2010 Seventh International Conference on the Quality of Information and Communications Technology},
	doi = {10.1109/QUATIC.2010.73},
	issn = {null},
	keywords = {program testing;software engineering;test driven development;software development process;external code quality;Book reviews;Programming;Productivity;Software engineering;Measurement;Testing;Systematics},
	month = {Sep.},
	pages = {403-408},
	title = {Test-Driven Development - Still a Promising Approach?},
	year = {2010},
	bdsk-url-1 = {https://doi.org/10.1109/QUATIC.2010.73}}

@article{fenton1992software,
	Author = {Fenton, Norman},
	Date-Added = {2019-08-12 20:49:25 +0200},
	Date-Modified = {2019-08-12 20:49:25 +0200},
	Journal = {Software Engineering Journal},
	Number = {5},
	Pages = {357--362},
	Publisher = {IET},
	Title = {When a software measure is not a measure},
	Volume = {7},
	Year = {1992}}

@article{meneely2012validating,
	Author = {Meneely, Andrew and Smith, Ben and Williams, Laurie},
	Date-Added = {2019-08-12 20:48:32 +0200},
	Date-Modified = {2019-08-12 20:48:32 +0200},
	Journal = {ACM Transactions on Software Engineering and Methodology (TOSEM)},
	Number = {4},
	Pages = {24},
	Publisher = {ACM},
	Title = {Validating software metrics: A spectrum of philosophies},
	Volume = {21},
	Year = {2012}}

@inproceedings{di2007comparing,
	Author = {Di Martino, Sergio and Ferrucci, Filomena and Gravino, Carmine and Mendes, Emilia},
	Booktitle = {First International Symposium on Empirical Software Engineering and Measurement (ESEM 2007)},
	Date-Added = {2019-08-12 20:43:00 +0200},
	Date-Modified = {2019-08-12 20:43:00 +0200},
	Organization = {IEEE},
	Pages = {324--333},
	Title = {Comparing size measures for predicting web application development effort: A case study},
	Year = {2007}}

@inproceedings{jiang2008comparing,
	Author = {Jiang, Yue and Cuki, Bojan and Menzies, Tim and Bartlow, Nick},
	Booktitle = {Proceedings of the 4th international workshop on Predictor models in software engineering},
	Date-Added = {2019-08-12 20:41:56 +0200},
	Date-Modified = {2019-08-12 20:41:56 +0200},
	Organization = {ACM},
	Pages = {11--18},
	Title = {Comparing design and code metrics for software quality prediction},
	Year = {2008}}

@article{zhao1998comparison,
	Author = {Zhao, Ming and Wohlin, Claes and Ohlsson, Niclas and Xie, Min},
	Date-Added = {2019-08-12 20:41:16 +0200},
	Date-Modified = {2019-08-12 20:41:16 +0200},
	Journal = {Information and Software Technology},
	Number = {14},
	Pages = {801--809},
	Publisher = {Elsevier},
	Title = {A comparison between software design and code metrics for the prediction of software fault content},
	Volume = {40},
	Year = {1998}}

@inproceedings{zhang2007performance,
	Author = {Zhang, Min and Baddoo, Nathan},
	Booktitle = {European Conference on Software Process Improvement},
	Date-Added = {2019-08-12 20:40:42 +0200},
	Date-Modified = {2019-08-12 20:40:42 +0200},
	Organization = {Springer},
	Pages = {160--174},
	Title = {Performance comparison of software complexity metrics in an open source project},
	Year = {2007}}

@article{basili1981evaluating,
	Author = {Basili, Victor R and Phillips, Tsai-Yun},
	Date-Added = {2019-08-12 20:39:56 +0200},
	Date-Modified = {2019-08-12 20:39:56 +0200},
	Journal = {ACM SIGMETRICS Performance Evaluation Review},
	Number = {1},
	Pages = {95--106},
	Publisher = {ACM},
	Title = {Evaluating and comparing software metrics in the software engineering laboratory},
	Volume = {10},
	Year = {1981}}

@manual{broom,
	Author = {David Robinson},
	Date-Added = {2019-08-12 20:28:54 +0200},
	Date-Modified = {2019-08-12 20:28:54 +0200},
	Note = {R package version 0.4.4},
	Title = {broom: Convert Statistical Analysis Objects into Tidy Data Frames},
	Url = {https://CRAN.R-project.org/package=broom},
	Year = {2018},
	Bdsk-Url-1 = {https://CRAN.R-project.org/package=broom}}

@article{muller1994critical,
	Author = {M{\"u}ller, Reinhold and B{\"u}ttner, Petra},
	Date-Added = {2019-08-12 19:20:52 +0200},
	Date-Modified = {2019-08-12 19:20:52 +0200},
	Journal = {Statistics in medicine},
	Number = {23-24},
	Pages = {2465--2476},
	Publisher = {Wiley Online Library},
	Title = {A critical discussion of intraclass correlation coefficients},
	Volume = {13},
	Year = {1994}}

@book{montgomery2017design,
	Author = {Montgomery, Douglas C},
	Date-Added = {2019-08-12 17:28:42 +0200},
	Date-Modified = {2022-06-25 19:45:16 +0200},
	Edition = {9th Ed.},
	Publisher = {John wiley \& sons},
	Title = {Design and analysis of experiments},
	Year = {2017}}

@inproceedings{abran2002measurement,
	Author = {Abran, Alain and Sellami, Asma},
	Booktitle = {10th International Workshop on Software Technology and Engineering Practice},
	Date-Added = {2019-08-11 17:11:45 +0200},
	Date-Modified = {2019-08-11 17:11:45 +0200},
	Organization = {IEEE},
	Pages = {185--192},
	Title = {Measurement and metrology requirements for empirical studies in software engineering},
	Year = {2002}}

@inproceedings{abran2004metrology,
	Author = {Abran, Alain and Sellami, Asma and Suryn, Witold},
	Booktitle = {Proceedings. 5th International Workshop on Enterprise Networking and Computing in Healthcare Industry (IEEE Cat. No. 03EX717)},
	Date-Added = {2019-08-11 17:09:28 +0200},
	Date-Modified = {2019-08-11 17:09:28 +0200},
	Organization = {IEEE},
	Pages = {2--11},
	Title = {Metrology, measurement and metrics in software engineering},
	Year = {2004}}

@manual{xtable,
	Author = {David B. Dahl},
	Date-Added = {2019-08-11 13:28:21 +0200},
	Date-Modified = {2019-08-11 13:28:21 +0200},
	Note = {R package version 1.8-2},
	Title = {xtable: Export Tables to LaTeX or HTML},
	Url = {https://CRAN.R-project.org/package=xtable},
	Year = {2016},
	Bdsk-Url-1 = {https://CRAN.R-project.org/package=xtable}}

@manual{Hmisc,
	Author = {Frank E {Harrell Jr} and with contributions from Charles Dupont and many others.},
	Date-Added = {2019-08-11 13:25:41 +0200},
	Date-Modified = {2019-08-11 13:28:43 +0200},
	Note = {R package version 4.1-1},
	Title = {Hmisc: Harrell Miscellaneous},
	Url = {https://CRAN.R-project.org/package=Hmisc},
	Year = {2018},
	Bdsk-Url-1 = {https://CRAN.R-project.org/package=Hmisc}}

@incollection{indrayan2013clinical,
	Author = {Indrayan, Abhaya},
	Booktitle = {Methods of Clinical Epidemiology},
	Date-Added = {2019-08-09 12:22:18 +0200},
	Date-Modified = {2019-08-09 12:22:18 +0200},
	Pages = {17--27},
	Publisher = {Springer},
	Title = {Clinical agreement in quantitative measurements},
	Year = {2013}}

@article{lee1989statistical,
	Author = {Lee, James and Koh, David and Ong, CN},
	Date-Added = {2019-08-07 16:04:16 +0200},
	Date-Modified = {2019-08-07 16:04:16 +0200},
	Journal = {Computers in biology and medicine},
	Number = {1},
	Pages = {61--70},
	Publisher = {Elsevier},
	Title = {Statistical evaluation of agreement between two methods for measuring a quantitative variable},
	Volume = {19},
	Year = {1989}}

@article{rafique2012effects,
	Author = {Rafique, Yahya and Mi{\v{s}}i{\'c}, Vojislav B},
	Date-Added = {2019-08-07 11:08:18 +0200},
	Date-Modified = {2019-08-07 11:08:18 +0200},
	Journal = {IEEE Transactions on Software Engineering},
	Number = {6},
	Pages = {835--856},
	Publisher = {IEEE},
	Title = {The effects of test-driven development on external quality and productivity: A meta-analysis},
	Volume = {39},
	Year = {2012}}

@misc{magnusson2003handbook,
	Author = {Magnusson, Bertil},
	Date-Added = {2019-08-05 09:49:12 +0200},
	Date-Modified = {2019-08-05 09:49:12 +0200},
	Title = {Handbook for calculation of measurement uncertainty in environmental laboratories},
	Year = {2003}}

@book{box2005statistics,
	Author = {George E.P. Box and J. Stuart Hunter and William G. Hunter},
	Edition = {Second},
	Isbn = {978-0-471-71813-0},
	Publisher = {Wiley},
	Title = {Statistics for Experimenters: Design, Discovery and Innovation},
	Url = {https://books.google.es/books?id=WOQZPwAACAAJ},
	Year = {2005},
	Bdsk-Url-1 = {https://books.google.es/books?id=WOQZPwAACAAJ}}

@webpage{bipm-metrology,
	Date-Added = {2019-06-29 11:21:17 +0200},
	Date-Modified = {2019-06-29 11:21:51 +0200},
	Lastchecked = {June 29, 2019},
	Url = {https://www.bipm.org/en/worldwide-metrology/},
	Bdsk-Url-1 = {https://www.bipm.org/en/worldwide-metrology/}}

@article{jones2011graphical,
	Author = {Jones, Mark and Dobson, Annette and O'Brian, Sue},
	Date-Added = {2019-06-10 15:35:30 +0200},
	Date-Modified = {2019-06-10 15:35:30 +0200},
	Journal = {International journal of epidemiology},
	Number = {5},
	Pages = {1308--1313},
	Publisher = {Oxford University Press},
	Title = {A graphical method for assessing agreement with the mean between multiple observers using continuous measures},
	Volume = {40},
	Year = {2011}}

@online{weissteinMeasureTheory,
	Author = {Weisstein, Eric W.},
	Date-Added = {2019-05-22 16:11:32 +0200},
	Date-Modified = {2019-05-22 16:11:32 +0200},
	Note = {Last visited on 22/5/2019},
	Subtitle = {{From MathWorld---A Wolfram Web Resource}},
	Title = {Measure Theory},
	Url = {http://mathworld.wolfram.com/MeasureTheory.html},
	Bdsk-Url-1 = {http://mathworld.wolfram.com/MeasureTheory.html}}

@article{feldt1998generating,
	Author = {Feldt, Robert},
	Date-Added = {2019-05-15 15:17:31 +0200},
	Date-Modified = {2019-05-15 15:17:31 +0200},
	Journal = {IEE Proceedings-Software},
	Number = {6},
	Pages = {228--236},
	Publisher = {IET},
	Title = {Generating diverse software versions with genetic programming: an experimental study},
	Volume = {145},
	Year = {1998}}
@misc{ISO5725,
  author       = {{International Organization for Standardization}},
  title        = {{ISO 5725-1:1994 — Accuracy (trueness and precision) of measurement methods and results — Part 1: General principles and definitions}},
  year         = {1994},
  publisher    = {International Organization for Standardization},
  howpublished = {\url{https://www.iso.org/standard/11833.html}},
  note         = {Accessed: 2025-06-13}
}
@article{knight1986experimental,
	Author = {Knight, John C and Leveson, Nancy G},
	Date-Added = {2019-05-15 14:46:01 +0200},
	Date-Modified = {2019-05-15 14:46:01 +0200},
	Doi = {10.1109/TSE.1986.6312924},
	Journal = {IEEE Transactions on software engineering},
	Number = {1},
	Pages = {96--109},
	Publisher = {IEEE},
	Title = {An experimental evaluation of the assumption of independence in multiversion programming},
	Url = {https://doi.org/10.1109/TSE.1986.6312924},
	Volume = {12},
	Year = {1986},
	Bdsk-Url-1 = {https://doi.org/10.1109/TSE.1986.6312924}}

@inproceedings{kieburtz1996software,
	Author = {Kieburtz, Richard B and McKinney, Laura and Bell, Jeffrey M and Hook, James and Kotov, Alex and Lewis, Jeffrey and Oliva, Dino P and Sheard, Tim and Smith, Ira and Walton, Lisa},
	Booktitle = {Proceedings of the 18th international conference on Software engineering},
	Date-Added = {2019-05-15 14:41:10 +0200},
	Date-Modified = {2019-05-15 14:41:10 +0200},
	Organization = {IEEE Computer Society},
	Pages = {542--552},
	Title = {A software engineering experiment in software component generation},
	Year = {1996}}

@article{mittelstaedt1984econometric,
	Author = {Mittelstaedt, Robert A and Zorn, Thomas S},
	Date-Added = {2019-05-15 13:08:53 +0200},
	Date-Modified = {2019-05-15 13:08:53 +0200},
	Journal = {Quarterly Journal of Business and Economics},
	Pages = {9--15},
	Publisher = {JSTOR},
	Title = {Econometric replication: Lessons from the experimental sciences},
	Year = {1984}}

@article{Kowalski1972,
	Author = {Kowalski, C.J.},
	Journal = {Journal of the Royal Statistical Society. Series C (Applied Statistics)},
	Number = 1,
	Pages = {1-12},
	Publisher = {Wiley, Royal Statistical Society},
	Title = {On the Effects of Non-Normality on the Distribution of the Sample Product -- Moment Correlation Coefficient},
	Volume = 21,
	Year = 1972}

@book{Gwet2014,
	Author = {Gwet, K.L.},
	Edition = 4,
	Publisher = {Advanced Analytics, LLC},
	Title = {Handbook of Inter-Rater Reliability. The Definitive Guide to Measuring the Extent of Agreement Among Raters},
	Year = 2014}

@online{Bell2001,
	Author = {Bell, S.A.},
	Series = {Measurement Good Practice Guide No. 11},
	Title = {A Beginner's Guide to Uncertainty of Measurement},
	Url = {http://www.npl.co.uk/publications/a-beginners-guide-to-uncertainty-in-measurement},
	Urldate = {2016-06-17},
	Year = 2001,
	Bdsk-Url-1 = {http://www.npl.co.uk/publications/a-beginners-guide-to-uncertainty-in-measurement}}

@article{Bland1986,
	Author = {Bland, M.J. and Altman, D.G.},
	Journal = {The Lancet},
	Number = 8476,
	Pages = {307-310},
	Publisher = {Elsevier},
	Title = {Statistical methods for assessing agreement between two methods of clinical measurement},
	Volume = 327,
	Year = 1986}

@book{Robins2009,
	Author = {Robins, R.W. and Fraley, R.C. and Krueger, R.F.},
	Publisher = {Guilford Publications},
	Title = {Handbook of Research Methods in Personality Psychology},
	Year = 2009}

@article{Beckstead2011,
	Author = {Beckstead, J.W.},
	Journal = {International Journal of Nursing Studies},
	Number = 1,
	Pages = {134-135},
	Title = {Agreement, reliability, and bias in measurement: Commentary on Bland and Altman (1986; 2010)},
	Volume = 48,
	Year = 2011}

@book{VIM,
	Author = {{Joint Committee for Guides in Metrology}},
	Number = {JCGM 200:2012},
	Title = {International vocabulary of metrology -- Basic and general concepts and associated terms},
	Year = 2012}

@book{ISO3534,
	Author = {{International Standards Organization}},
	Number = {ISO 3534-1},
	Title = {Statistics-Vocabulary and Symbols -- Part 1: General statistical terms and terms used in probability},
	Year = 2014}

@book{GUM,
	Author = {{Joint Committee for Guides in Metrology}},
	Number = {JCGM 100:2008},
	Title = {Evaluation of measurement data -- Guide to the expression of uncertainty in measurement},
	Year = 2008}

@book{ISO5725,
	Author = {{International Standards Organization}},
	Number = {ISO 5725},
	Title = {Accuracy (trueness and precision) of measurement methods and results -- Parts 1 to 6},
	Year = 1994}

@inproceedings{Pavese2014,
	Author = {Pavese, F.},
	Booktitle = {European Network for Business and Industrial Statistics pre-Conference Workshop on Measuring Uncertainty in the GUM (VIM) vs ISO 5725 (ISO 3534) Approaches: Which Statistical Viewpoint to Choose?},
	Series = {ENBIS-15},
	Title = {ISO 5725:1994},
	Url = {http://www.enbis.org/eventdocs/389/iso_57251994},
	Year = {2009},
	Bdsk-Url-1 = {http://www.enbis.org/eventdocs/389/iso_57251994}}

@book{Feinberg1995,
	Author = {Feinberg, M.},
	Chapter = {Method Validation and Laboratory Evaluation},
	Number = {Volume 2, Part H},
	Pages = {174-180},
	Title = {Chemometrics in Environmental Chemistry -- Applications},
	Year = 1995}

@book{Shadish2002,
	Author = {Shadish, W.R. and Cook, T.D. and Campbell, D.T.},
	Pages = 510,
	Publisher = {Houghton Mifflin Company},
	Title = {Experimental and Quasi-Experimental Designs for Generalized Causal Inference},
	Year = 2002}

@article{Muller1994,
	Author = {M\"uller, R. and B\"uttner, P.},
	Journal = {Statistics in Medicine},
	Pages = {2465-2476},
	Title = {A Critical Discussion of Intraclass Correlation Coefficients},
	Volume = 13,
	Year = 1994}

@manual{R,
	Address = {Vienna, Austria},
	Author = {{R Core Team}},
	Organization = {R Foundation for Statistical Computing},
	Title = {R: A Language and Environment for Statistical Computing},
	Url = {https://www.R-project.org/},
	Year = {2016},
	Bdsk-Url-1 = {https://www.R-project.org/}}

@manual{xlsx,
	Author = {Adrian A. Dragulescu},
	Note = {R package version 0.5.7},
	Title = {xlsx: Read, write, format Excel 2007 and Excel 97/2000/XP/2003 files},
	Url = {https://CRAN.R-project.org/package=xlsx},
	Year = {2014},
	Bdsk-Url-1 = {https://CRAN.R-project.org/package=xlsx}}

@manual{MethComp,
	Author = {Bendix Carstensen and Lyle Gurrin and Claus Ekstrom and Michal Figurski},
	Note = {R package version 1.22.2},
	Title = {MethComp: Functions for Analysis of Agreement in Method Comparison Studies},
	Url = {https://CRAN.R-project.org/package=MethComp},
	Year = {2015},
	Bdsk-Url-1 = {https://CRAN.R-project.org/package=MethComp}}

@article{lme4,
	Author = {Douglas Bates and Martin M{\"a}chler and Ben Bolker and Steve Walker},
	Journal = {Journal of Statistical Software},
	Number = {1},
	Pages = {1--48},
	Title = {Fitting Linear Mixed-Effects Models Using {lme4}},
	Volume = {67},
	Year = {2015}}

@manual{psych,
	Address = {Evanston, Illinois},
	Author = {William Revelle},
	Note = {R package version 1.6.6},
	Organization = {Northwestern University},
	Title = {psych: Procedures for Psychological, Psychometric, and Personality Research},
	Url = {http://CRAN.R-project.org/package=psych},
	Year = {2016},
	Bdsk-Url-1 = {http://CRAN.R-project.org/package=psych}}

@article{texreg,
	Author = {Philip Leifeld},
	Journal = {Journal of Statistical Software},
	Number = {8},
	Pages = {1--24},
	Title = {{texreg}: Conversion of Statistical Model Output in {R} to {\LaTeX} and {HTML} Tables},
	Url = {http://www.jstatsoft.org/v55/i08/},
	Volume = {55},
	Year = {2013},
	Bdsk-Url-1 = {http://www.jstatsoft.org/v55/i08/}}

@book{Fleiss2011,
	Author = {Fleiss, J.L.},
	Publisher = {Wiley},
	Title = {Design and Analysis of Clinical Experiments},
	Year = {2011}}

@article{Vegas2016,
	Author = {Vegas, S. and Apa, C. and Juristo, N.},
	Journal = {Transactions on Software Engineering},
	Number = {2},
	Pages = {120--135},
	Title = {Crossover Designs in Software Engineering Experiments: Benefits and Perils},
	Volume = {42},
	Year = {2016}}

@book{fenton2014software,
	Author = {Fenton, N. and Bieman, J.},
	Publisher = {CRC Press},
	Title = {Software Metrics -- A Rigorous and Practical Approach},
	Year = {2014}}

@article{Bland1990,
	Author = {Bland, M.J. and Altman, D.G.},
	Journal = {Computers in Biology and Medicine},
	Number = 5,
	Pages = {337-340},
	Publisher = {Pergamon Press},
	Title = {A note on the use of the intraclass correlation coefficient in the evaluation of agreement between two methods of measurement},
	Volume = 20,
	Year = 1990}

@manual{sfsmisc,
	Author = {Martin Maechler et al.},
	Note = {R package version 1.1-0},
	Title = {sfsmisc: Utilities from "Seminar fuer Statistik" ETH Zurich},
	Url = {https://CRAN.R-project.org/package=sfsmisc},
	Year = {2016},
	Bdsk-Url-1 = {https://CRAN.R-project.org/package=sfsmisc}}

@article{Tosun2016,
	Author = {Tosun, Ayse and Dieste, Oscar and Fucci, Davide and Vegas, Sira and Turhan, Burak and Erdogmus, Hakan and Santos, Adrian and Oivo, Markku and Toro, Kimmo and Jarvinen, Janne and Juristo, Natalia},
	Issn = {1573-7616},
	Journal = {Empirical Software Engineering},
	Pages = {1--43},
	Title = {An industry experiment on the effects of test-driven development on external quality and productivity},
	Year = {2016}}

@incollection{IJzendoorn1994,
	Address = {New Jersey},
	Author = {Marinus H. van IJzendoorn},
	Booktitle = {Reconstructing the Mind: Replicability in research on human development},
	Editor = {R. van der Veer and H.H. van IJzendoorn and J. Valsiner},
	Publisher = {Ablex Publishing Corporation},
	Title = {A process model of replication studies: On the relation between different types of replication},
	Year = 1994}

@article{Erdogmus2005,
	Author = {H. Erdogmus and M. Morisio and M. Torchiano},
	Journal = {IEEE Transactions on Software Engineering},
	Month = {March},
	Number = {3},
	Pages = {226-237},
	Title = {On the effectiveness of the test-first approach to programming},
	Volume = {31},
	Year = {2005}}

@article{Dieste2017,
	Author = {Dieste, Oscar and Aranda, Alejandrina M. and Uyaguari, Fernando and Turhan, Burak and Tosun, Ayse and Fucci, Davide and Oivo, Markku and Juristo, Natalia},
	Journal = {Empirical Software Engineering},
	Pages = {1--86},
	Title = {Empirical evaluation of the effects of experience on code quality and programmer productivity: an exploratory study},
	Year = {2017}}

@book{Koskela2013,
	Author = {Koskela, L.},
	Isbn = {9781935182573},
	Publisher = {Manning},
	Series = {Running Series},
	Title = {Effective Unit Testing: A Guide for Java Developers},
	Year = {2013}}

@book{Oxford2006,
	Author = {A.D. Ong and M.H.M. Van Dulmen, M.H.M.},
	Isbn = {9780199775095},
	Publisher = {Oxford University Press},
	Series = {Series in Positive Psychology},
	Title = {Oxford Handbook of Methods in Positive Psychology},
	Year = {2006}}

@book{Cohen1988,
	Author = {J. Cohen},
	Publisher = {Routledge},
	Title = {Statistical Power Analysis for the Behavioral Sciences},
	Year = {1988}}

@book{NAP25303,
	Address = {Washington, DC},
	Author = {National Academies of Sciences, Engineering, and Medicine},
	Publisher = {The National Academies Press},
	Title = {Reproducibility and Replicability in Science},
	Year = {2019}}

@online{bsk,
	Author = {Martin, Robert},
	Month = {aug},
	Title = {The Bowling Game Kata},
	Url = {http://butunclebob.com/ArticleS.UncleBob.TheBowlingGameKata},
	Year = {2020},
	Bdsk-Url-1 = {http://butunclebob.com/ArticleS.UncleBob.TheBowlingGameKata}}

@online{mr,
	Month = {aug},
	Title = {Mars Rover Kata},
	Url = {https://kata-log.rocks/mars-rover-kata},
	Year = {2020},
	Bdsk-Url-1 = {https://kata-log.rocks/mars-rover-kata}}

@article{Tosun2019,
	Author = {A. {Tosun} and O. {Dieste} and S. {Vegas} and D. {Pfahl} and K. {Rungi} and N. {Juristo}},
	Doi = {10.1109/TSE.2019.2949811},
	Journal = {IEEE Transactions on Software Engineering},
	Title = {Investigating the Impact of Development Task on External Quality in Test-Driven Development: An Industry Experiment},
	Year = {2019},
	Bdsk-Url-1 = {https://doi.org/10.1109/TSE.2019.2949811}}

@article{Dieste2021,
	Author = {Dieste, Oscar and Tosun, Ayse and Vegas, Sira and Santos, Adrian, and Uyaguari, Fernando and Kyykk{\"a}, Jarno and Juristo, Natalia},
	Journal = {ACM Transactions on Software Engineering and Methodology},
	Note = {Submitted for review},
	Title = {The role of \textit{slicing} in test-driven development},
	Year = {2021}}

@unpublished{Elizabeth2015,
	Author = {Dora Elizabeth Jaimes Sequeda},
	Keywords = {Palabras clave: Medici{\'o}n de experimentos en ingenier{\'\i}a del software, Experimentaci{\'o}n en ingenier{\'\i}a del software, TDD, Calidad de software, productividad de software.},
	Month = {Abril},
	School = {ETSI\_Informatica},
	Title = {{?`}Se producen diferencias considerables en los resultados experimentales en funci{\'o}n del procedimiento de medici{\'o}n? Un estudio comparativo para los constructos calidad y productividad en el marco de un experimento de test-driven development.},
	Url = {http://oa.upm.es/44268/},
	Year = {2015},
	Bdsk-Url-1 = {http://oa.upm.es/44268/}}

@book{Myers2011,
	Author = {Myers, G.J. and Sandler, C. and Badgett, T.},
	Isbn = {9781118133156},
	Publisher = {Wiley},
	Series = {ITPro collection},
	Title = {The Art of Software Testing},
	Year = {2011}}

@manual{emmeans,
	Author = {Russell Lenth},
	Note = {R package version 1.5.0},
	Title = {emmeans: Estimated Marginal Means, aka Least-Squares Means},
	Url = {https://CRAN.R-project.org/package=emmeans},
	Year = {2020},
	Bdsk-Url-1 = {https://CRAN.R-project.org/package=emmeans}}

@article{fernandez2019open,
	Author = {Fern{\'a}ndez, Daniel M{\'e}ndez and Monperrus, Martin and Feldt, Robert and Zimmermann, Thomas},
	Journal = {Empirical Software Engineering},
	Number = {3},
	Pages = {1057--1060},
	Publisher = {Springer},
	Title = {The open science initiative of the Empirical Software Engineering journal},
	Volume = {24},
	Year = {2019}}

@ARTICLE{Aniche.2022,
  author={Aniche, Maurício and Treude, Christoph and Zaidman, Andy},
  journal={IEEE Transactions on Software Engineering}, 
  title={How Developers Engineer Test Cases: An Observational Study}, 
  year={2022},
  volume={48},
  number={12},
  pages={4925-4946},
  keywords={Codes;Software;Task analysis;Software testing;Tools;Documentation;Computer bugs;software engineering;software testing;developer testing},
  doi={10.1109/TSE.2021.3129889}}

@article{santos.2021,
   author = {Santos, Adrian and Vegas, Sira and Dieste, Oscar and Uyaguari, Fernando and Tosun, Ayşe and Fucci, Davide and Turhan, Burak and Scanniello, Giuseppe and Romano, Simone and Karac, Itir and Kuhrmann, Marco and Mandić, Vladimir and Ramač, Robert and Pfahl, Dietmar and Engblom, Christian and Kyykka, Jarno and Rungi, Kerli and Palomeque, Carolina and Spisak, Jaroslav and Oivo, Markku and Juristo, Natalia},
   title = {A family of experiments on test-driven development},
   journal = {Empirical Software Engineering},
   volume = {26},
   number = {3},
   pages = {42},
   abstract = {Test-driven development (TDD) is an agile software development approach that has been widely claimed to improve software quality. However, the extent to which TDD improves quality appears to be largely dependent upon the characteristics of the study in which it is evaluated (e.g., the research method, participant type, programming environment, etc.). The particularities of each study make the aggregation of results untenable.},
   ISSN = {1573-7616},
   DOI = {10.1007/s10664-020-09895-8},
   url = {https://doi.org/10.1007/s10664-020-09895-8},
   year = {2021},
   type = {Journal Article}
}
@ARTICLE{Fucci.2017,
  author={Fucci, Davide and Erdogmus, Hakan and Turhan, Burak and Oivo, Markku and Juristo, Natalia},
  journal={IEEE Transactions on Software Engineering}, 
  title={A Dissection of the Test-Driven Development Process: Does It Really Matter to Test-First or to Test-Last?}, 
  year={2017},
  volume={43},
  number={7},
  pages={597-614},
  keywords={Testing;Productivity;Context;Companies;Sequential analysis;Conferences;Test-driven development;empirical investigation;process dimensions;external quality;productivity},
  doi={10.1109/TSE.2016.2616877}}
@ARTICLE{Rafique.2013,
  author={Rafique, Yahya and Mišić, Vojislav B.},
  journal={IEEE Transactions on Software Engineering}, 
  title={The Effects of Test-Driven Development on External Quality and Productivity: A Meta-Analysis}, 
  year={2013},
  volume={39},
  number={6},
  pages={835-856},
  keywords={Productivity;Computational modeling;Testing;Process control;Programming;Size measurement;Test-driven development;meta-analysis;code quality;programmer productivity;agile software development},
  doi={10.1109/TSE.2012.28}}
@book{wohlin.2012,
   author = {Wohlin, Claes and Runeson, Per and Höst, Martin and Ohlsson, Magnus C. and Regnell, Björn and Wesslén, Anders},
   title = {Experimentation in Software Engineering: An Introduction},
   publisher = {Springer},
   year = {2012},
   type = {Book}
}
